2008 3221
274 132 298 170 2
567 127 668 153 DIAL.
697 130 716 154 1.
746 127 878 159 QVARF,
906 126 1051 158 ALIQVA
1078 125 1328 153 INCOMMODA
1354 127 1471 153 BONIS
1497 127 1601 154 VIRIS

272 224 442 265 confusa
484 230 525 264 et
567 224 737 271 incerta,
780 222 939 275 pluuias
981 223 1075 263 dico
1117 222 1333 276 nubesque
1372 230 1413 265 et
1452 223 1647 265 elisorum
1679 224 1895 266 fulminum

271 297 398 335 iactus
431 301 472 335 et
505 295 693 334 incendia
733 295 861 346 ruptis
900 294 1106 333 montium
1149 294 1370 334 uerticibus
1412 295 1558 344 effusa,
1601 302 1806 336 tremores
1838 296 1894 336 la-

270 367 405 406 bantis
437 366 511 405 soli
543 365 702 417 aliaque
734 378 841 416 quae
874 364 1132 404 tumultuosa
1163 378 1258 417 pars
1287 378 1424 405 rerum
1448 366 1554 406 circa
1586 373 1716 407 terras
1740 373 1895 416 mouet,

268 438 355 477 sine
386 437 556 484 ratione,
589 436 778 487 quamuis
810 435 946 474 subita
977 436 1068 483 sint,
1101 436 1306 484 accidunt,
1345 437 1420 476 sed
1452 450 1547 476 suas
1580 443 1622 476 et
1653 437 1719 476 illa
1751 450 1896 477 causas

233 525 246 545 .·¹
268 507 423 546 habent
465 520 548 545 non
591 506 725 545 minus
768 519 894 558 quam
936 519 1044 558 quae
1086 505 1225 545 alienis
1269 506 1369 546 locis
1422 513 1648 559 conspecta
1699 507 1896 547 miraculo

216 875 246 899 10

213 1582 246 1606 20

266 583 376 625 sunt,
420 583 464 616 ut
506 577 544 615 in
588 577 734 616 mediis
767 576 959 616 fluctibus
1003 576 1186 616 calentes
1218 590 1352 629 aquae
1384 583 1425 616 et
1458 591 1569 617 noua
1599 577 1824 618 insularum
1857 579 1896 617 in

267 654 385 687 uasto
418 647 671 687 exilientium
705 648 807 687 mari
829 648 970 700 spatia.
1026 650 1106 688 iam
1131 661 1231 687 uero
1264 649 1296 687 si
1328 649 1419 700 quis
1441 648 1729 688 obseruauerit
1749 649 1896 688 nudari

265 718 385 758 litora
426 717 578 771 pelago
620 719 659 757 in
701 732 745 757 se
788 719 1011 758 recedente
1061 720 1295 771 eademque
1339 720 1445 758 intra
1487 720 1686 771 exiguum
1730 726 1896 772 tempus

266 790 431 842 operiri,
464 790 607 829 credet
640 802 765 828 caeca
797 790 980 841 quadam
1015 789 1273 829 uolutatione
1306 791 1436 829 modo
1470 790 1658 830 contrahi
1691 791 1823 830 undas
1855 796 1897 830 et

267 861 487 900 introrsum
533 861 616 911 agi,
659 860 790 899 modo
834 874 1053 913 erumpere
1097 867 1137 900 et
1181 874 1337 912 magno
1376 874 1495 900 cursu
1528 867 1717 913 repetere
1749 862 1896 901 sedem

266 945 394 979 suam,
428 945 522 971 cum
556 931 717 970 interim
752 930 842 970 illae
865 931 1128 984 portionibus
1151 937 1340 971 crescunt
1374 938 1415 971 et
1448 933 1501 971 ad
1535 932 1682 971 horam
1716 945 1764 971 ac
1785 932 1895 972 diem

265 1002 442 1041 subeunt
474 1001 696 1054 ampliores
730 1002 1011 1054 minoresque,
1053 1008 1177 1055 prout
1210 1001 1295 1041 illas
1328 1002 1470 1042 lunare
1501 1003 1613 1042 sidus
1645 1002 1800 1051 elicuit,
1844 1003 1896 1043 ad

265 1073 376 1112 cuius
418 1073 630 1112 arbitrium
675 1086 857 1112 oceanus
900 1074 1099 1113 exundat.
1161 1086 1238 1112 suo
1281 1073 1358 1113 ista
1400 1074 1581 1126 tempori
1623 1081 1896 1122 reseruentur,

266 1157 316 1183 eo
349 1143 516 1196 quidem
541 1144 674 1196 magis
706 1144 819 1196 quod
851 1150 895 1183 tu
918 1157 1002 1183 non
1036 1143 1201 1183 dubitas
1231 1144 1284 1184 de
1307 1145 1571 1196 prouidentia
1603 1145 1678 1184 sed
1702 1144 1896 1196 quereris.

230 1229 244 1251 5
265 1216 302 1254 in
336 1215 511 1267 gratiam
545 1221 585 1254 te
618 1216 815 1254 reducam
850 1228 945 1254 cum
979 1216 1042 1254 dis
1081 1216 1283 1254 aduersus
1317 1215 1502 1267 optimos
1531 1215 1709 1267 optimis.
1761 1229 1934 1268 neque?

265 1286 373 1325 enim
407 1300 541 1325 rerum
575 1292 722 1325 natura
753 1285 907 1338 patitur
941 1292 984 1325 ut
1017 1299 1216 1338 umquam
1252 1285 1363 1325 bona
1395 1286 1515 1325 bonis
1548 1292 1737 1325 noceant.
1791 1287 1897 1326 inter

265 1357 412 1411 bonos
445 1357 553 1396 uiros
596 1370 644 1396 ac
670 1358 789 1407 *deos
831 1357 1008 1396 amicitia
1050 1363 1113 1396 est
1152 1356 1398 1396 conciliante
1431 1356 1604 1396 uirtute:
1672 1357 1896 1396 amicitiam

267 1428 385 1467 dico?
439 1428 569 1467 immo
623 1428 748 1467 etiam
793 1427 1059 1467 necessitudo
1103 1434 1145 1467 et
1185 1424 1433 1476 similitudo,
1486 1428 1683 1483 quoniam
1726 1429 1895 1480 quidem

265 1499 400 1537 bonus
432 1504 624 1551 tempore
657 1504 818 1538 tantum
853 1512 876 1538 a
909 1499 991 1538 deo
1024 1497 1173 1547 differt,
1207 1498 1430 1550 discipulus
1463 1499 1547 1537 eius
1580 1498 1897 1551 aemulatorque

266 1575 307 1609 et
341 1582 437 1608 uera
469 1569 701 1622 progenies,
734 1583 859 1621 quam
883 1583 1032 1622 parens
1065 1568 1130 1608 ille
1159 1568 1414 1621 magnificus,
1447 1570 1646 1609 uirtutum
1679 1583 1764 1608 non
1796 1569 1897 1609 lenis

266 1646 457 1687 exactor,
511 1640 616 1679 sicut
648 1640 779 1679 seueri
813 1646 973 1693 patres,
1017 1640 1156 1679 durius
1201 1640 1363 1680 educat.
1426 1640 1566 1693 itaque
1608 1653 1703 1679 cum
1746 1640 1896 1680 uideris

265 1710 401 1749 bonos
434 1710 543 1749 uiros
575 1717 857 1763 acceptosque
890 1710 952 1750 dis
984 1710 1192 1758 laborare,
1233 1711 1394 1753 sudare,
1436 1724 1511 1764 per
1543 1712 1721 1751 arduum
1754 1725 1893 1751 escen-

267 1782 384 1829 dere,
417 1781 550 1820 malos
582 1787 722 1821 autem
756 1781 940 1821 lasciuire
973 1787 1014 1821 et
1048 1781 1331 1834 uoluptatibus
1365 1781 1508 1830 fluere,
1548 1782 1688 1834 cogita
1718 1781 1895 1822 filiorum

267 1866 343 1890 nos
376 1853 582 1892 modestia
615 1853 822 1902 delectari,
855 1852 1115 1892 uernularum
1145 1852 1328 1901 licentia3
1375 1852 1464 1892 illos
1498 1853 1711 1906 disciplina
1733 1853 1895 1893 tristiori

232 1937 246 1958 5
268 1924 477 1971 contineri,
510 1923 660 1963 horum
694 1923 744 1963 ali
776 1923 1004 1964 audaciam.
1068 1924 1180 1963 idem
1213 1923 1285 1963 tibi
1318 1925 1371 1963 de
1404 1924 1486 1963 deo
1519 1923 1683 1976 liqueat.
1737 1923 1896 1963 bonum

268 1994 399 2032 uirum
433 1994 471 2033 in
505 1994 657 2034 deliciis
690 2009 774 2034 non
806 1995 961 2035 habet:
1008 1994 1241 2048 experitur,
1285 1995 1469 2042 indurat,
1512 1995 1587 2034 sibi
1621 1994 1733 2034 illum
1766 1999 1894 2047 parat.

386 2065 431 2103 II.
466 2064 606 2117 Quare
641 2066 769 2105 multa
801 2066 922 2106 bonis
961 2066 1054 2106 uiris
1087 2067 1263 2105 aduersa
1295 2066 1516 2105 eueniunt?
1580 2064 1675 2104 nihil
1708 2065 1897 2105 accidere

268 2135 383 2174 bono
417 2136 503 2175 uiro
538 2136 635 2176 mali
668 2142 832 2189 potest:
880 2151 963 2176 non
1007 2137 1231 2176 miscentur
1264 2136 1480 2176 contraria.
1533 2133 1896 2188 quemadmodum

268 2212 332 2245 tot
355 2220 509 2255 amnes,
542 2213 703 2247 tantum
727 2222 906 2261 superne
927 2208 1183 2248 deiectorum
1212 2207 1419 2255 imbrium,
1452 2213 1569 2247 tanta
1592 2207 1895 2247 medicatorum

215 2287 248 2311 :³0
270 2277 329 2315 uis
362 2276 536 2316 fontium
571 2292 653 2317 non
687 2285 850 2319 mutant
882 2292 1077 2332 saporem
1111 2279 1245 2326 maris,
1285 2292 1336 2318 ne
1370 2278 1582 2318 remittunt
1616 2278 1803 2330 quidem,
1842 2277 1897 2316 ita

269 2348 536 2387 aduersarum
581 2349 743 2402 inpetus
786 2364 922 2389 rerum
967 2350 1038 2389 uiri
1080 2349 1195 2389 sortis
1229 2363 1311 2389 non
1345 2349 1465 2388 uertit
1497 2349 1696 2388 animum.
1756 2352 1897 2388 manet

270 2419 307 2457 in
351 2425 459 2460 statu
503 2426 544 2460 et
588 2421 788 2473 quidquid
833 2421 971 2461 euenit
1018 2421 1057 2460 in
1098 2433 1218 2460 suum
1262 2418 1447 2460 colorem
1489 2418 1623 2460 trahit.
1687 2424 1750 2460 est
1787 2419 1896 2459 enim

1113 2594 1185 2621 loeis

270 2610 288 2636 ῑί
318 2608 444 2648 aliaque
471 2607 540 2640 cml
569 2614 597 2639 et
626 2609 689 2638 alia
714 2608 820 2652 nul-qo
934 2609 954 2638 5»
983 2609 1094 2640 alienis
1316 2607 1325 2641 ἶ
1358 2608 1567 2639 exsilientium
1694 2606 1724 2638 li
1757 2611 1896 2638 tu÷÷non

899 2674 927 2690 ΓΕ

391 2702 443 2731 sed
480 2703 619 2742 quereris*
649 2700 720 2734 1¹2²:
766 2703 818 2733 sed
853 2703 957 2744 queris
1111 2701 1146 2734 1ἴ)
1179 2702 1240 2732 <liis
1282 2702 1432 2733 aduersus
1466 2702 1514 2743 (us
1548 2699 1583 2733 in
1618 2705 1763 2739 rasura)

279 2759 313 2790 1ίὶ
341 2770 478 2800 unquam
591 2760 619 2792 ΙῙ
653 2762 815 2793 amicitia.
838 2765 882 2792 est
950 2775 953 2778 ⁴
983 2761 1018 2792 1⁴.)
1047 2762 1130 2792 adeo
1228 2761 1420 2801 emulatorq;
1513 2759 1550 2793 *31
1575 2760 1620 2791 sic
1638 2765 1670 2790 ut
1767 2761 1810 2792 ⁸2⁴3
1838 2760 1898 2790 diis

890 2827 906 2842 n

364 2854 534 2885 escendere
552 2852 792 2897 Bonanrslus:
815 2856 968 2886 excedere
1041 2853 1085 2888 '37
1105 2855 1203 2886 nichil
1280 2854 1323 2886 2⁸
1343 2854 1596 2895 quemsuiiodum
1679 2855 1723 2887 :32
1741 2852 1904 2895 qui'cquid-

1924 1655 1943 1685 (ἱ

1928 2078 1938 2111 ,1
