2008 3221
193 863 224 888 lo

194 1216 223 1241 15

191 1569 205 1594 2
210 1570 224 1593 s)

192 1921 224 1947 25

192 2274 226 2300 30

249 118 301 160 7ss
728 112 833 139 DIAL.
856 112 904 139 IV.
943 112 997 138 DE
1017 112 1086 138 IRA
1107 112 1180 140 LIB.
1203 113 1239 138 ΙΙ.
1280 113 1323 139 27.
1346 114 1389 140 25.

245 215 379 255 silium
413 214 465 253 de
499 213 582 251 uita
615 216 759 249 nostra
791 210 1026 249 mittamur:
1070 209 1103 248 si
1135 209 1269 248 modo
1301 222 1447 248 uerum
1479 209 1554 262 ipsi
1586 209 1707 249 nobis
1740 210 1878 250 dicere

245 285 509 331 uoluerimuS,
541 281 668 334 pluris
700 280 815 319 litem
848 285 1035 319 nostram
1068 279 1393 337 aestimabimus.

363 352 560 394 XXVIII.
624 350 668 391 Si
699 350 892 390 uolumus
925 350 1045 403 aequi
1077 363 1214 389 rerum
1247 351 1435 389 omnium
1466 350 1622 390 iudices
1655 364 1758 400 esse,
1795 351 1878 391 hoc

246 427 426 480 primum
463 423 590 462 nobis
633 422 983 474 persuadeamus,
1027 420 1237 460 neminem
1280 426 1470 460 nostrum
1504 434 1596 460 esse
1627 421 1714 461 sine
1746 422 1878 476 culpa.

245 497 339 536 hinc
372 495 481 534 enim
514 492 702 532 maxima
744 492 974 544 indignatio
1019 492 1172 535 oritur:
1231 491 1329 531 nihil
1357 492 1528 545 peccaui
1571 498 1612 532 et
1654 491 1750 531 nihil
1791 492 1878 532 feci.

243 568 375 606 immo
408 564 505 603 nihil
537 563 687 603 fateris.
742 563 1007 615 indignamur
1039 562 1174 614 aliqua
1206 563 1494 603 admonitione
1526 569 1596 602 aut
1628 564 1879 603 coercitione

244 650 321 676 nos
354 636 602 687 castigatos,
647 648 741 673 cum
784 634 853 674 illo
897 635 988 687 ipso
1028 639 1221 686 tempore
1263 647 1508 686 peccenmS,
1550 647 1633 687 quo
1677 634 1878 674 adicimus

245 705 473 747 malefactis
516 706 807 757 adrogantiam
862 711 904 744 et
957 705 1279 744 contumaciam.
1341 704 1431 756 quis
1490 710 1553 744 est
1605 705 1681 745 iste
1723 705 1792 756 qui
1833 718 1909 744 se·

243 777 464 830 profitetur
515 776 710 815 omnibus
763 775 943 827 legibus.
968 775 1261 814 innocentem?
1315 780 1359 814 ut
1400 774 1483 815 hoc
1523 775 1580 814 ita
1627 775 1699 823 sit,
1752 788 1878 827 quam

245 853 423 900 angusta
464 847 699 886 innocentia
742 851 805 886 est
847 847 902 885 ad
934 845 1072 897 legem
1106 846 1268 885 bonum
1301 848 1420 885 esse?
1465 851 1622 898 quanto
1665 845 1786 885 latius
1817 844 1876 884 of-

243 918 433 958 ficiorum
465 922 582 969 patet
615 930 742 969 quam
775 917 869 956 iuris
901 916 1072 968 regula?
1116 930 1243 968 quam
1286 916 1417 956 multa
1448 917 1598 969 pietas,
1631 915 1879 964 humanitas,

243 988 477 1036 liberalitas,
510 988 673 1036 iustitia,
706 986 811 1027 fides
844 987 1030 1039 exigunt,
1063 1000 1171 1040 quae
1193 987 1334 1027 omnia
1363 993 1485 1027 extra
1505 987 1692 1040 publicas
1715 986 1878 1027 tabulas

243 1062 364 1100 sunt?
417 1059 493 1099 sed
536 1072 588 1098 ne
630 1059 685 1097 ad
726 1058 836 1097 illam
875 1059 1046 1110 quidem
1079 1058 1330 1097 artissimam
1363 1057 1624 1098 innocentiae
1655 1057 1909 1098 formulam.

243 1136 456 1184 praestare
488 1142 566 1168 nos
598 1142 848 1181 possumus:
896 1129 974 1168 alia
1005 1128 1189 1176 fecimus,
1223 1128 1301 1168 alia
1333 1129 1619 1181 cogitauimus,
1651 1128 1729 1168 alia
1761 1137 1877 1182 opta-

245 1202 397 1249 uimus,
439 1200 524 1239 aliis
567 1199 764 1248 fauimus,
807 1200 847 1239 in
879 1200 1131 1252 quibusdam
1174 1200 1417 1239 innocentes
1450 1213 1616 1248 sumus,
1659 1200 1753 1252 quia
1794 1213 1879 1238 non

244 1271 453 1311 successit.
503 1270 585 1310 hoc
607 1271 841 1322 cogitantes
873 1271 1089 1322 aequiores
1121 1270 1248 1309 simus
1282 1270 1627 1323 delinquentibus,
1661 1271 1880 1310 credamus

244 1341 588 1394 obiurgantibus:
636 1342 777 1393 utique
808 1340 930 1380 nobis
962 1354 1014 1380 ne
1046 1341 1272 1380 irascamur
1312 1342 1390 1388 (cui
1422 1342 1532 1380 enim
1565 1355 1661 1389 non,
1693 1341 1726 1380 si
1757 1341 1879 1380 nobis

245 1414 470 1465 quoque?),
513 1412 681 1451 minime
724 1412 798 1451 dis.
854 1425 937 1450 non
981 1412 1089 1451 enim
1133 1411 1317 1460 illorum,
1361 1413 1437 1451 sed
1478 1411 1572 1464 lege
1615 1411 1879 1451 mortalitatis

244 1484 426 1537 patimur
476 1483 679 1535 quidquid
731 1483 990 1521 incommodi
1039 1482 1199 1522 accidit.
1262 1488 1305 1521 at
1347 1482 1485 1522 morbi
1528 1481 1780 1535 doloresque
1821 1482 1878 1521 in-

245 1560 424 1608 currunt.
486 1554 627 1606 utique
659 1553 796 1605 aliquo
831 1551 1146 1605 defungendum
1180 1559 1243 1592 est
1275 1553 1530 1592 domicilium
1562 1558 1682 1605 putre
1714 1553 1879 1593 sortitis.

246 1626 405 1664 dicetur
437 1624 580 1676 aliquis
613 1624 723 1663 male
757 1625 810 1663 de
842 1630 884 1662 te
917 1611 1105 1663 locutus:
1153 1624 1293 1676 cogita
1325 1637 1377 1663 an
1409 1624 1522 1677 prior
1553 1623 1708 1672 feceris,
1742 1624 1880 1676 cogita

244 1696 297 1735 de
330 1709 456 1748 quam
499 1694 638 1734 multis
680 1693 873 1747 loquaris.
938 1683 1192 1747 cogitemus,
1243 1695 1432 1747 inquam,
1476 1693 1578 1734 alios
1620 1708 1704 1734 non
1746 1694 1881 1734 facere

244 1767 442 1815 iniuriam,
474 1766 550 1805 sed
582 1779 798 1818 reponere,
831 1765 933 1805 alios
965 1778 1042 1819 pro
1076 1765 1196 1804 nobis
1226 1762 1372 1814 facere,
1405 1765 1507 1805 alios
1539 1771 1711 1805 coactos
1733 1764 1880 1813 facere,

246 1837 348 1877 alios
380 1838 642 1889 ignorantes,
686 1836 811 1875 etiam
857 1849 930 1875 eos
973 1835 1042 1887 qui
1084 1835 1273 1875 uolentes
1316 1836 1576 1889 scientesque
1608 1835 1781 1884 faciunt,
1825 1849 1880 1874 ex

244 1908 387 1948 iniuria
419 1916 560 1946 nostra
592 1920 677 1945 non
709 1907 841 1958 ipsam
875 1907 1059 1946 iniuriam
1093 1913 1262 1958 petere:
1299 1913 1370 1946 aut
1398 1907 1616 1947 dulcedine
1637 1906 1881 1946 urbanitatis

244 1978 466 2032 prolapsus
510 1983 589 2026 est,
633 1983 704 2016 aut
746 1976 841 2017 fecit
873 1976 1046 2029 aliquid,
1090 1990 1175 2016 non
1217 1983 1261 2017 ut
1294 1977 1414 2017 nobis
1446 1978 1637 2026 obesset,
1680 1978 1755 2017 sed
1788 1977 1882 2030 quia

246 2049 443 2101 consequi
487 2048 573 2101 ipse
615 2062 700 2087 non
742 2054 931 2101 poterat,
985 2048 1058 2087 nisi
1101 2061 1178 2087 nos
1222 2048 1449 2102 repulisset.
1516 2062 1643 2101 saepe
1679 2036 1881 2097 adulatio,

245 2121 345 2159 dum
389 2119 618 2167 blanditur,
661 2117 851 2158 offendit.
914 2118 1097 2171 quisquis
1140 2120 1194 2158 ad
1225 2132 1270 2158 se
1313 2118 1535 2168 rettulerit,
1569 2119 1761 2172 quotiens
1793 2119 1881 2172 ipse

245 2192 285 2230 in
327 2191 604 2243 suspicionem
648 2188 795 2228 falsam
839 2189 1048 2238 inciderit,
1091 2203 1217 2242 quam
1257 2189 1396 2229 multis
1429 2189 1572 2229 officiis
1603 2189 1685 2229 suis
1716 2189 1882 2229 fortuna

246 2255 429 2314 speciem
462 2261 628 2300 iniuriae
662 2260 849 2308 induerit,
883 2273 1009 2312 quam
1032 2259 1187 2299 multos
1209 2266 1307 2312 post
1335 2260 1478 2300 odium
1511 2273 1652 2300 amare
1685 2260 1881 2314 coeperit,

245 2332 400 2384 poterit
433 2345 516 2370 non
548 2331 687 2370 statim
722 2331 860 2379 irasci,
904 2331 1045 2383 utique
1087 2331 1119 2369 si
1158 2330 1235 2370 sibi
1273 2331 1422 2370 tacitus
1454 2331 1508 2370 ad
1540 2330 1701 2383 singula
1733 2330 1881 2384 quibus

247 2472 266 2501 f·
295 2473 405 2505 oritur.
448 2472 539 2502 Nihil
560 2472 688 2517 Halym
718 2473 1038 2518 2⁴91telynmctionem
1059 2473 1221 2507 correxit
1244 2471 1350 2506 Gertz
1450 2473 1469 2504 (ἱ
1497 2472 1699 2504 §monitione
1717 2474 1751 2513 (ῖι
1770 2471 1880 2514 corr.)

322 2530 341 2564 ’ἶ
359 2542 424 2573 quo
444 2530 706 2575 Ncapolilcma:
728 2533 816 2573 quod
835 2530 929 2569 θοῶς
945 2531 1231 2573 Haase-tempore
1250 2529 1440 2565 delendum
1460 2534 1580 2564 censet
1653 2534 1673 2560 δ’
1692 2531 1881 2572 arrogantia-1

248 2601 367 2647 (prior
393 2613 406 2632 r
435 2602 544 2644 corr.)
660 2603 694 2636 112
722 2598 900 2634 liberalitas
928 2598 976 2645 (aS
1002 2603 1111 2644 corr.)
1218 2598 1346 2634 tabulaS
1375 2605 1445 2633 sunt
1562 2600 1598 2634 1-4
1628 2612 1687 2633 nos
1715 2602 1742 2644 (s
1769 2602 1878 2644 corr.)

366 2662 403 2694 lb'
431 2662 492 2692 diis
614 2662 648 2694 lt!
676 2666 707 2693 at
736 2662 862 2705 (corr.)
985 2662 1030 2696 20
1056 2662 1164 2703 utique
1191 2661 1299 2703 aliquo
1328 2661 1568 2703 defungendum
1596 2657 1766 2705 Madm’y:
1796 2662 1876 2702 utiq3

247 2720 379 2762 aliquod
400 2720 557 2762 fugienda
578 2719 615 2763 (ti
635 2723 744 2761 corr.)
836 2723 879 2755 ‘2513
902 2722 995 2763 ,pnob
1014 2719 1105 2762 cod„
1125 2719 1156 2753 lc.
1177 2731 1206 2754 e.
1225 2732 1284 2762 pro
1304 2720 1410 2759 nobis,
1435 2722 1473 2753 ul
1492 2717 1656 2753 Muretus
1680 2719 1880 2765 scripserat

247 2782 281 2813 et
306 2777 430 2813 Haase
456 2779 616 2823 reposui!
642 2779 730 2820 inre,
758 2780 825 2814 etsi
849 2780 1077 2825 w'luln'ralns
1103 2790 1124 2813 (ι
1153 2777 1319 2816 Gerlzz'03
1348 2777 1414 2812 hoc
1440 2777 1530 2812 enim
1559 2776 1655 2821 dicit,
1682 2777 1879 2823 aliquando

248 2842 374 2871 contra
401 2847 466 2871 uos
488 2837 591 2881 suem
617 2838 824 2882 opinamur,
851 2850 945 2883 quae
970 2839 1050 2883 quis
1074 2849 1145 2883 pro
1171 2837 1272 2873 uobis
1294 2837 1423 2881 facere
1449 2835 1520 2871 sibe·
1543 2836 1644 2871 uisus
1670 2843 1722 2872 es!
