1977 3231
533 142 736 168 ACClDAN‘r
763 143 843 168 CVM
875 143 1145 169 PROVIDEN'HA
1180 145 1253 170 Sl'l'.
1282 145 1330 172 lv,
1711 154 1735 189 9

69 246 88 275 ἵ»
115 239 181 291 qui
220 239 378 278 saucius
411 238 527 277 redit.
588 239 700 291 ipsis,
744 240 931 292 inquam,
975 241 1077 280 deus
1110 241 1304 289 consulit,
1346 256 1451 294 quos
1484 257 1574 282 esse
1607 258 1731 295 quam

63 1019 82 1049 (ὅ

57 339 61 342 «
114 309 428 348 honestissimos
461 309 582 360 cupit,
616 300 807 361 quotiens
835 310 908 349 illis
932 312 1147 350 materiam
1171 312 1344 363 praebet
1374 312 1526 364 aliquid
1550 314 1735 355 animose

114 379 353 431 fortiterque
386 379 569 422 faciendi,
602 381 655 418 ad
679 394 804 432 quam
827 394 915 420 rem
940 394 1045 433 opus
1068 388 1130 420 est
1154 381 1287 433 aliqua
1311 396 1445 422 rerum
1470 383 1730 424 difficultate:

113 449 436 502 gubernatorem
486 449 525 488 in
576 456 844 503 tempestate,
893 452 930 489 in
981 452 1066 490 acie
1111 451 1282 490 militem
1328 453 1553 505 intellegas.
1626 456 1735 495 unde

112 534 282 572 possum
326 520 449 568 scire,
491 528 690 572 quantum
734 522 932 561 aduersus
977 528 1266 574 paupertatem
1310 524 1383 562 tibi
1426 526 1547 564 animi
1580 526 1651 573 sit,
1701 527 1733 565 si
1775 536 1789 557 ·'›

111 590 258 630 diuitiis
291 590 468 630 diffluis?
524 592 633 630 unde
665 606 836 644 possum
869 592 982 639 scire,
1015 599 1215 644 quantum
1246 594 1444 633 aduersus
1467 595 1734 647 ignominiam

111 668 152 700 et
183 661 390 700 infamiam
426 662 650 714 odiumque
682 663 883 715 populare
906 664 1162 702 constantiae
1185 663 1352 712 habeas,
1385 666 1417 704 si
1445 666 1548 705 inter
1570 666 1736 718 plausus

110 733 305 780 senescis,
358 733 389 771 si
442 738 483 771 te
536 733 869 785 inexpugnabilis
913 740 953 773 et
996 733 1256 774 inclinatione
1310 737 1491 787 quadam
1536 738 1734 777 mentium

109 816 264 854 pronus
298 802 414 842 fauor
446 804 651 855 sequitur?
707 805 816 842 unde
848 804 957 851 scio,
999 818 1124 856 quam
1157 818 1291 857 aequo
1324 796 1463 845 animo
1497 806 1651 847 laturus
1683 809 1736 847 sis

110 873 351 920 orbitatem,
394 874 425 912 si
466 887 753 926 quoscumque
791 874 986 914 sustulisti
1037 875 1180 914 uides?
1239 876 1375 915 audiui
1408 882 1466 924 te,
1507 891 1600 917 cum
1634 879 1735 918 alios

110 943 400 982 consolareris:
457 950 556 983 tunc
588 945 915 997 conspexissem,
948 946 980 984 si
1012 951 1054 984 te
1087 946 1173 998 ipse
1205 946 1443 987 consolatus
1477 961 1598 996 esses,
1630 951 1661 988 si
1694 956 1735 989 te

109 1013 195 1065 ipse
231 1013 371 1053 dolere
405 1015 614 1054 uetuisseS.
664 1012 815 1060 ‘nolite‚
849 1016 1026 1055 obsecro
1060 1030 1155 1064 uos,
1190 1030 1471 1069 expauescere
1493 1019 1596 1070 jsta,
1629 1034 1735 1072 quae

109 1084 149 1123 di
187 1084 426 1124 inmortales
471 1084 582 1124 uelut
625 1084 814 1125 stimulos
847 1087 1076 1125 admouent
1111 1088 1276 1127 animis:
1334 1088 1544 1129 calamitas
1577 1091 1735 1130 uirtutis

109 1154 272 1194 occasio
306 1162 378 1195 est.
440 1155 531 1195 illos
564 1156 712 1195 merito
745 1157 835 1208 quis
867 1156 1017 1196 dixerit
1051 1158 1246 1206 miseros,
1289 1159 1357 1210 qui
1390 1160 1514 1199 nimia
1546 1159 1735 1201 felicitate

108 1231 367 1277 torpescunt,
418 1239 524 1278 quos
567 1226 680 1266 uelut
721 1227 760 1266 in
804 1227 905 1266 mari
947 1227 1060 1267 lento
1105 1229 1375 1281 tranquillitas
1417 1230 1524 1270 iners
1566 1231 1734 1272 detinet.

65 1296 305 1348 Iquidquid
349 1295 422 1335 illis
464 1297 670 1344 inciderit,
723 1311 879 1336 nouum
924 1298 1070 1338 ueniet.
1144 1300 1276 1351 magis
1319 1307 1468 1352 urgent
1510 1315 1635 1342 saeua
1676 1303 1731 1342 in-

107 1372 327 1419 expertos:
365 1381 492 1420 graue
524 1373 587 1407 est
619 1374 787 1408 tenerae
810 1369 956 1408 ceruici
979 1369 1132 1421 iugum.
1181 1371 1234 1409 ad
1257 1371 1532 1423 suspicionem
1557 1372 1734 1413 uolneris

106 1438 183 1476 tiro
215 1437 417 1490 pallescit,
449 1438 660 1478 audaciter
704 1445 925 1479 ueteranus
959 1453 1148 1479 cruorem
1183 1454 1302 1480 suum
1336 1448 1516 1494 spectat,
1559 1444 1627 1495 qui
1659 1444 1734 1483 scit

106 1521 150 1546 se
191 1521 317 1560 saepe
360 1509 503 1549 uicisse
544 1515 640 1561 post
683 1510 940 1561 sanguinem.
1015 1510 1093 1550 hos
1126 1511 1263 1564 itaque
1297 1513 1398 1551 deus
1431 1527 1536 1565 quos
1568 1514 1733 1566 probat,

1760 893 1768 916 Ι

1774 894 1788 913 (l

1758 1244 1787 1268 lsi

106 1591 211 1630 quos
244 1585 376 1627 amat,
419 1580 600 1627 indurat,
644 1581 924 1632 recognoscit,
970 1588 1150 1622 exercet.
1214 1596 1286 1621 eos
1320 1590 1460 1622 autem
1493 1585 1642 1635 quibus
1674 1585 1730 1624 in-
1754 1596 1767 1619 ι)

109 1647 280 1700 dulgere
334 1650 510 1697 uidetur,
564 1651 711 1702 quibus
764 1664 956 1703 parcere,
1009 1652 1156 1692 molles
1200 1654 1380 1693 uenturis
1424 1655 1542 1693 malis
1583 1662 1733 1695 seruat.

107 1720 249 1759 erratis
283 1720 402 1768 enim,
435 1721 467 1759 si
499 1735 623 1773 quem
658 1721 843 1761 iudicatis
877 1729 1128 1775 exceptum:
1179 1725 1314 1763 ueniet
1358 1730 1398 1764 et
1430 1726 1483 1764 ad
1516 1725 1628 1765 illum
1665 1726 1732 1765 diu

107 1788 265 1829 felicem
309 1804 383 1830 sua
424 1792 573 1843 portio.
646 1793 828 1844 quisquis
871 1793 1033 1832 uidetur
1076 1793 1268 1833 dimissus
1310 1808 1422 1843 esse,
1467 1795 1616 1836 dilatus
1660 1803 1731 1836 est.

106 1874 233 1912 quare
276 1862 378 1901 deus
410 1863 616 1914 optimum
649 1876 859 1915 quemque
901 1870 971 1903 aut
1004 1863 1112 1903 mala
1144 1865 1379 1905 ualetudine
1418 1872 1488 1905 aut
1520 1867 1631 1906 luctu
1663 1873 1733 1906 aut

109 1931 194 1970 aliis
216 1931 493 1971 incommodis
516 1931 682 1972 adficit?
716 1933 811 1985 quia
833 1934 870 1972 in
894 1934 1036 1973 castris
1059 1948 1227 1987 quoque
1250 1935 1480 1987 periculosa
1503 1936 1732 1977 fortissimis

107 2003 370 2054 imperantur,
405 2003 492 2041 dux
525 2002 770 2042 lectissimos
801 2004 923 2044 mittit
946 2006 1013 2057 qui
1038 2006 1248 2045 nocturnis
1271 2006 1415 2046 hostes
1437 2008 1733 2059 adgrediantur

107 2072 258 2111 insidiis
309 2079 379 2112 aut
421 2067 642 2125 explorent
685 2074 761 2113 iter
803 2081 873 2114 aut
915 2076 1166 2127 praesidium
1211 2076 1306 2115 loco
1350 2078 1534 2116 deiciant.
1607 2092 1732 2118 nemo

106 2156 251 2182 eorum
284 2144 352 2195 qui
385 2150 540 2183 exeunt
574 2144 692 2192 dicit,
726 2144 835 2183 male
868 2146 921 2184 de
955 2159 1022 2184 me
1055 2147 1281 2198 imperator
1314 2149 1480 2196 meruit,
1513 2150 1587 2187 sed
1626 2149 1732 2188 bene

105 2213 309 2254 iudicauit.
372 2214 481 2253 idem
517 2214 654 2253 dicant
687 2215 937 2267 quicumque
969 2216 1161 2255 iubentur
1193 2217 1278 2269 pati
1310 2218 1464 2257 timidis
1493 2219 1732 2271 ignauisque

107 2283 280 2323 flebilia:
345 2285 456 2336 digni
500 2285 572 2324 uisi
615 2298 757 2324 sumus
800 2286 882 2325 deo
925 2287 964 2325 in
1009 2287 1158 2338 quibus
1201 2287 1482 2339 experiretur,
1531 2296 1730 2341 quantum

61 2369 65 2383 ·
106 2355 288 2394 humana
329 2361 475 2394 natura
527 2362 670 2408 posset
718 2356 814 2408 pati.
898 2356 1027 2408 fugite
1076 2356 1261 2405 delicias,
1311 2357 1438 2410 fugite
1492 2366 1730 2399 eneruatam

107 2424 354 2474 felicitatem,
386 2440 467 2477 qua
499 2427 622 2466 animi
654 2428 976 2480 permadescunt
1009 2433 1050 2466 et
1083 2428 1154 2467 nisi
1188 2427 1339 2480 aliquid
1370 2429 1587 2470 interuenit
1616 2432 1730 2482 quod

107 2494 312 2534 humanae
353 2497 475 2536 sortis
514 2498 759 2546 admoneat,
804 2497 915 2538 uelut
958 2504 1158 2550 perpetua
1197 2499 1399 2539 ebrietate
1431 2501 1565 2540 iacent
1596 2502 1730 2553 sopiti.

115 2625 144 2656 ll
186 2596 321 2656 ‘c'solarifis
451 2626 484 2657 Ιξὶ
513 2626 556 2656 dii
686 2626 721 2658 lii
756 2627 906 2667 quicquid
1037 2627 1071 2660 l?
1108 2632 1234 2659 tenerae
1269 2629 1385 2659 ceruici
1415 2626 1594 2662 illnrelus:
1631 2635 1731 2660 terere

108 2685 262 2721 ceruicib;
301 2684 402 2727 (post
430 2688 458 2715 te
484 2682 628 2718 uz'delur
655 2695 667 2714 ι·
694 2683 865 2725 deletion,
900 2685 935 2718 ιἰι
962 2685 1124 2730 marqine
1150 2696 1241 2719 man.
1269 2696 1341 2720 rec.
1370 2687 1463 2722 fen-c)
1595 2688 1731 2719 uulneri>-

234 2742 269 2786 [δ’
296 2747 365 2782 tyro
463 2743 506 2775 ‘2⁴2
532 2744 636 2774 ueniet
662 2748 690 2774 et
712 2742 905 2777 Gruterus:
935 2745 1039 2775 ueniet
1136 2744 1175 2777 'll
1199 2745 1374 2776 ualitudine
1394 2751 1495 2789 (μυεῖ
1514 2759 1530 2777 c
1549 2745 1665 2780 deleta
1683 2750 1728 2779 ni)

226 2804 278 2832 aut
297 2801 379 2832 luctu
398 2800 489 2841 cod„
508 2801 624 2833 omisit
647 2800 789 2835 Ficlferl
888 2804 930 2834 ’3ῐὶ
951 2804 1180 2843 aggrediantur
1279 2806 1321 2835 ’ΒΝ
1342 2808 1489 2844 iper-ator
1508 2804 1541 2837 7'72
1563 2815 1633 2838 ras.

109 2860 151 2891 :355
178 2859 280 2890 iacent
308 2858 449 2893 addidit
475 2858 575 2893 Koch

1753 1947 1784 1971 2‘1

1753 2301 1785 2321 :lo
