2008 3221
248 133 340 172 25ss
499 127 602 154 DIAL.
618 127 670 153 XI.
710 126 764 151 AD
785 125 965 150 HELVIAM
987 124 1159 150 MATREM
1181 124 1232 149 DE
1252 123 1572 151 CONSOLATIONE.
1611 125 1637 151 9.

231 224 467 277 .Mytilenis
511 222 752 262 exulantem
786 227 827 261 et
865 226 1067 274 quantum
1101 221 1232 260 modo
1265 226 1412 260 natura
1444 220 1624 261 hominis
1657 226 1879 274 pateretur,

255 295 493 335 beatissime
537 294 746 333 uiuentem
789 306 924 344 neque
966 305 1166 344 umquam
1205 291 1461 343 cupidiorem
1494 291 1699 331 bonarum
1732 292 1880 331 artium

255 379 380 418 quam
413 365 480 404 illo
514 370 708 416 tempore
782 364 921 415 itaque
953 363 1102 402 adicit:
1150 361 1288 400 uisum
1310 361 1395 400 sz'bz'
1412 374 1456 400 se
1477 361 1620 413 magis
1641 362 1684 400 ἐκ
1705 361 1881 401 exilium

255 437 339 485 ire,
385 435 460 487 qui
498 434 586 473 sine
620 434 692 473 illo
726 433 941 472 rediturus
972 439 1099 481 esset,
1144 445 1272 484 quam
1305 432 1426 471 illum
1458 432 1501 471 z'n
1535 431 1660 471 exilio
1693 432 1882 482 relinqui.

221 522 234 543 .·›
255 520 280 546 o
314 506 631 545 fortunatiorem
665 504 909 544 Marcellum
944 517 994 543 eo
1027 509 1238 557 tempore,
1281 516 1365 555 quo
1399 503 1568 542 exilium
1600 517 1718 542 suum
1754 503 1882 542 Bruto
1910 513 1928 544 ἵ)

256 577 527 629 adprobauit,
570 590 696 628 quam
740 589 824 628 quo
866 574 1115 627 reipublicae
1158 574 1445 614 consulatum!
1497 566 1680 626 'quantus
1722 573 1786 613 ille
1825 574 1885 612 uir

256 648 349 696 suit,
392 649 460 700 qui
504 646 662 695 effecit,
706 652 750 686 ut
792 646 936 698 aliquis
979 645 1077 684 exul
1120 645 1195 684 sibi
1237 645 1468 692 uideretur,
1511 645 1626 696 quod
1668 644 1722 683 ab
1761 643 1885 683 exule

256 720 496 758 recederet?
559 724 738 770 quantus
791 717 851 756 uir
902 716 996 764 fuit,
1030 716 1117 772 ‘qui
1159 716 1198 754 in
1241 715 1560 755 admirationem
1604 715 1665 754 sui
1707 715 1885 754 adduxit

255 790 468 829 hominem
504 790 629 829 etiam
665 788 814 828 Catoni
847 801 922 827 suo
956 787 1219 827 mirandum?
1273 787 1382 825 idem
1408 786 1559 825 Brutus
1588 786 1670 825 ait:
1711 784 1753 825 C.
1783 784 1882 824 Cae-
1912 797 1931 829 (⁷3

207 874 235 898 ιο
255 874 396 900 sarem
412 860 645 912 ,Mytilenas
658 865 1010 911 praelerueclztm‚
1037 858 1137 909 quia
1160 871 1240 896 non
1262 857 1489 896 sustineret
1507 856 1650 895 nidere
1672 855 1884 907 deforma-

257 939 343 971 tum
383 931 535 970 uirum.
598 930 651 970 illi
684 931 853 982 quidem
887 930 1065 969 reditum
1098 930 1320 982 inpetrauit
1353 934 1520 968 senatus
1552 927 1724 982 publicis
1756 927 1884 980 preci-

256 1004 333 1042 bus
376 1009 463 1042 tam
506 1001 703 1041 sollicitus
745 1015 794 1040 ac
837 1007 1040 1049 maestus,
1085 1007 1129 1040 ut
1172 1013 1319 1039 omnes
1362 999 1430 1039 illo
1474 1000 1541 1038 die
1574 999 1689 1038 Bruti
1731 998 1887 1037 habere

256 1075 439 1113 animum
484 1073 722 1112 uiderentur
765 1078 806 1111 et
848 1085 931 1110 non
975 1085 1051 1123 pro
1094 1071 1314 1118 Marcello,
1360 1071 1435 1110 sed
1477 1084 1553 1123 pro
1586 1083 1630 1109 se
1663 1069 1887 1122 deprecari,

255 1159 307 1184 ne
341 1144 486 1184 exules
519 1150 679 1192 essent,
712 1145 743 1183 si
777 1144 864 1182 sine
897 1142 965 1182 illo
998 1142 1192 1182 fuissent:
1240 1141 1438 1194 sed-plus
1473 1140 1605 1180 multo
1639 1146 1887 1180 consecutus

207 1228 236 1252 ¹5
258 1223 341 1265 est,
384 1229 468 1268 quo
513 1216 578 1255 die
617 1215 730 1254 illum
766 1214 939 1254 ‘exulem
973 1215 1122 1253 Brutus
1155 1213 1385 1266 relinquere
1418 1227 1502 1252 non
1534 1213 1690 1265 potuit,
1735 1211 1888 1251 Caesar

258 1288 410 1327 uidere.
493 1287 667 1338 contigit
721 1286 828 1325 enim
882 1284 934 1324 illi
987 1285 1271 1324 testimonium
1315 1286 1551 1335 utriusque:
1609 1284 1759 1323 Brutus
1801 1283 1888 1321 sine

258 1357 457 1398 Marcello
491 1358 638 1397 reuerti
671 1370 717 1396 se
749 1356 902 1404 doluit,
936 1355 1090 1395 Caesar
1123 1355 1294 1395 erubuit.
1359 1368 1457 1394 num
1493 1355 1680 1402 dubitas,
1713 1354 1810 1407 quin
1843 1366 1887 1392 se
1920 1376 1927 1395 1

257 1430 322 1469 1116
356 1428 576 1469 Marcellus
620 1433 760 1467 tantus
804 1428 862 1466 uir
904 1427 961 1466 sic
993 1428 1045 1466 ad
1078 1426 1343 1466 tolerandum
1377 1440 1512 1479 aequo
1546 1427 1685 1465 animo
1719 1424 1888 1465 exilium

257 1514 382 1554 saepe
422 1499 669 1557 adhortatus
714 1499 791 1538 sit?
844 1499 960 1550 quod
1003 1498 1134 1550 patria
1173 1511 1308 1545 cares,
1351 1510 1434 1536 non
1468 1503 1530 1536 est
1563 1497 1771 1536 miserum.
1832 1496 1889 1535 ita

205 1582 237 1606 ¹20
258 1577 300 1611 te
333 1570 554 1624 disciplinis
586 1570 763 1618 inbuisti,
797 1576 840 1609 ut
872 1569 996 1608 scires
1030 1582 1200 1608 omnem
1233 1568 1372 1608 locum
1405 1568 1578 1621 sapienti
1600 1568 1688 1607 uiro
1710 1567 1887 1620 patriam

260 1656 361 1683 esse.
424 1642 523 1693 quid
555 1643 710 1695 porro?
764 1640 839 1687 hic,
873 1641 940 1693 qui
973 1646 1015 1679 te
1048 1638 1219 1692 expulit,
1252 1653 1335 1679 non
1368 1640 1456 1692 ipse
1483 1629 1557 1692 per
1585 1653 1717 1679 annos
1740 1638 1887 1677 decem

260 1714 478 1753 continuos
511 1713 643 1766 patria
675 1713 829 1752 caruit?
873 1711 1134 1764 propagandi
1167 1711 1253 1750 sine
1285 1710 1414 1750 dubio
1446 1711 1590 1764 imperi
1619 1724 1766 1750 causa:
1812 1710 1887 1749 sed

259 1798 410 1837 nempe
454 1784 592 1824 caruit.
657 1796 765 1822 nunc
810 1796 907 1822 ecce
948 1781 1073 1821 trahit
1115 1781 1228 1821 illum
1271 1783 1325 1821 ad
1368 1795 1412 1821 se
1451 1781 1595 1821 Africa
1636 1781 1888 1833 resurgentis
1915 1788 1936 1821 8

259 1856 354 1895 belli
388 1856 507 1894 minis
540 1854 684 1907 plena,
709 1853 847 1900 ,trahit
880 1852 1101 1904 Hispania,
1134 1866 1241 1904 quae
1274 1852 1422 1891 fractas
1456 1858 1497 1891 et
1529 1851 1718 1891 adflictas
1749 1857 1889 1904 partes

208 1939 241 1963 πῖ»
262 1926 443 1974 16101161,
477 1925 601 1965 1131111
636 1925 861 1978 Aegyptus
893 1923 1036 1972 infida,
1069 1928 1183 1962 totus
1215 1922 1392 1975 denique
1425 1923 1547 1971 orbis,
1580 1923 1649 1975 qui
1681 1923 1735 1961 ad
1768 1935 1887 1961 occa-

261 1999 422 2037 sionem
466 1997 653 2036 concussi
697 1996 855 2048 imperii
898 1995 1078 2034 intentus
1121 2000 1193 2033 est.
1256 1995 1319 2033 6111
1362 1994 1540 2046 primum
1583 1994 1640 2033 rei
1673 1993 1888 2033 occurret?

262 2069 325 2108 cui
368 2069 473 2120 parti
515 2081 559 2106 se
606 2069 822 2120 opponet?
876 2072 974 2118 aget
1007 2065 1119 2104 illum
1153 2078 1227 2118 per
1259 2078 1406 2104 omnes
1439 2070 1570 2104 terras
1602 2065 1774 2104 uictoria
1805 2077 1890 2103 sua.

262 2139 373 2179 illum
408 2139 630 2190 suspiciant
675 2145 715 2177 et
757 2137 896 2177 colant
939 2143 1110 2189 gentes:
1158 2142 1201 2175 tu
1246 2137 1337 2175 uiue
1380 2136 1509 2175 Bruto
1554 2136 1750 2175 miratore
1791 2147 1886 2174 con·

263 2216 412 2249 tentus.

269 2411 279 2443 l
322 2410 492 2451 mytileniis
527 2409 574 2450 (iu
602 2419 716 2453 mars).
744 2419 788 2442 m.
817 2410 835 2441 3
864 2408 1028 2450 mitilenis)
1176 2408 1195 2441 3
1239 2418 1257 2450 ‚q
1281 2408 1380 2439 adicit
1415 2405 1538 2451 (prior
1564 2417 1582 2437 a
1608 2405 1643 2439 in
1665 2405 1738 2450 fine
1763 2415 1891 2439 uersus

267 2467 403 2511 deleta,
439 2467 555 2501 allam
590 2467 688 2501 initio
715 2467 894 2511 sequentis
920 2466 1060 2509 addila)
1183 2467 1201 2497 ι’)
1238 2478 1257 2497 o
1284 2465 1495 2498 fortunatior&
1527 2467 1560 2506 (ο
1586 2463 1731 2498 uidetur
1756 2476 1777 2497 (ι
1797 2474 1889 2499 corr.

266 2527 405 2569 addila)
527 2526 547 2560 (j
583 2528 778 2568 approbauit
806 2530 841 2568 (p
864 2526 970 2571 prior
995 2527 1106 2567 corr.)
1228 2526 1280 2556 ille
1305 2527 1353 2556 uir
1379 2524 1458 2559 cod,
1486 2526 1532 2556 uir
1558 2525 1613 2556 illo
1640 2521 1749 2568 vul-qo

266 2587 285 2620 ’ἶ
321 2587 388 2618 exul
418 2587 444 2627 (s
471 2591 553 2619 (mele
579 2597 596 2616 u
623 2586 745 2628 erasa)
914 2586 1002 2626 quod
1029 2583 1245 2618 deteriores:
1275 2595 1338 2626 quo
1507 2583 1552 2616 ‘10
1590 2584 1750 2614 mitilenus

1115 2655 1139 2677 5,
1152 2645 1302 2685 nfipotuit

275 2693 307 2726 11
347 2693 473 2734 precib;
616 2692 652 2725 12
687 2697 805 2724 mestus
934 2690 970 2724 16
1005 2692 1114 2722 uidere
1141 2694 1335 2735 (superscr.
1362 2700 1406 2724 m.
1433 2690 1519 2731 rec.)
1642 2689 1686 2723 17
1720 2691 1832 2721 reuerti
1859 2700 1893 2720 se

268 2774 484 2809 deteriores:
515 2776 679 2807 reuertisse
819 2775 859 2807 15³
896 2775 935 2805 :ul
964 2749 1104 2805 hortatus
1225 2774 1268 2806 2¹2
1304 2757 1428 2814 imperi¹
1551 2772 1590 2805 2-1
1629 2772 1765 2804 afflictas
1792 2770 1821 2813 (s
1844 2780 1893 2804 ex

266 2859 287 2889 d
314 2865 423 2898 (ὌΓΓ.)
545 2857 588 2890 ‘25
615 2842 751 2900 egyptiis
