2008 3221
257 135 311 173 66
735 128 838 153 DIAL.
862 127 910 154 IV.
950 127 1003 152 DE
1023 127 1091 152 IRA
1113 126 1185 152 Llss.
1204 123 1247 153 11.
1290 127 1402 154 12—14.
1791 136 1807 155 φ

253 224 607 278 indefatigabilem
641 225 843 264 extendit.
895 224 1129 263 didicerunt
1160 224 1408 264 tenuissimis
1441 230 1482 264 et
1514 224 1699 264 aduersis
1722 223 1886 264 funibus

256 310 418 336 currere
451 302 492 335 et
524 295 706 347 ingentia
738 295 893 347 uixque
925 294 1116 334 humanis
1148 294 1367 334 toleranda
1389 295 1541 335 uiribus
1568 308 1696 335 onera
1716 301 1886 348 portare

255 373 296 407 et
350 367 388 405 in
438 366 669 405 inmensam
712 364 971 405 altitudinem
1014 365 1147 417 mergi
1188 379 1236 405 ac
1277 366 1364 405 sine
1405 365 1486 405 ulla
1526 365 1756 419 respirandi
1797 365 1886 404 uice

255 437 417 490 perpeti
449 436 587 475 maria.
649 435 760 475 mille
791 442 887 475 sunt
919 435 1014 485 alia,
1048 436 1087 475 in
1119 435 1268 489 quibus
1299 437 1524 490 pertinacia
1554 436 1885 489 inpedimentum

221 526 236 549 5
257 521 384 546 omne
433 507 690 547 transcendit
738 507 1006 559 ostenditque
1047 506 1145 546 nihil
1188 520 1280 547 esse
1322 506 1486 546 difficile
1528 507 1640 546 cuius
1681 506 1758 546 sibi
1798 506 1887 558 ipsa

254 591 373 617 mens
404 578 647 630 patientiam
680 577 890 618 indiceret.
953 578 1037 617 istis
1070 591 1176 630 quos
1208 577 1341 631 paulo
1366 583 1462 617 ante
1494 577 1630 617 rettuli
1668 583 1739 617 aut
1776 575 1888 616 nulla

253 655 341 688 tam
372 649 592 701 pertinacis
624 648 748 688 studii
780 655 850 688 aut
882 662 966 688 non
999 649 1126 700 digna
1154 662 1315 688 merces
1337 648 1420 688 fuit.
1472 648 1572 701 quid
1594 649 1703 688 enim
1726 648 1884 700 magni-

254 719 377 759 ficum
421 720 687 772 consequitur
728 717 794 758 ille
834 719 903 771 qui
945 719 1171 758 meditatus
1213 724 1277 758 est
1317 732 1393 772 per
1433 719 1615 758 intentos
1656 718 1773 758 funes
1805 719 1885 758 ire?

254 790 322 843 qui
353 790 537 829 sarcinae
569 790 725 842 ingenti
758 790 938 829 ceruices
961 791 1226 842 supponere?
1269 790 1338 842 qui
1360 803 1512 829 somno
1534 803 1618 828 non
1641 789 1887 829 submittere

202 876 234 901 ιο
255 860 431 901 oculos?
482 861 550 913 qui
582 867 801 914 penetrare
832 860 871 899 in
903 861 1032 900 imum
1066 862 1203 900 mare?
1258 867 1300 900 et
1331 866 1473 900 tamen
1506 861 1560 899 ad
1591 860 1718 899 finem
1750 859 1887 913 operis

253 946 338 972 non
379 945 536 984 magno
579 938 897 972 auctoramento
940 931 1060 971 labor
1097 932 1297 984 peruenit.
1359 945 1436 972 nos
1469 945 1552 971 non
1585 931 1886 971 aduocabimus

253 1003 517 1055 patientiam,
560 1016 667 1055 quos
709 1008 873 1043 tantum
905 1002 1136 1055 praemium
1170 1008 1381 1055 expectat,
1414 1001 1540 1042 felicis
1572 1002 1696 1042 animi
1727 1002 1889 1042 inmota

254 1073 552 1126 tranquillitas?
616 1080 817 1127 quantum
866 1081 929 1114 est
977 1073 1165 1126 effugere
1217 1073 1451 1113 maximum
1501 1072 1658 1113 malum
1700 1073 1803 1112 iram
1846 1078 1888 1112 et

254 1158 350 1184 cum
372 1144 439 1184 illa
460 1145 629 1193 rabiem,
663 1146 890 1194 saeuitiam,
914 1145 1214 1193 crudelitatem,
1238 1144 1433 1192 furorem,
1456 1143 1558 1184 alios
1581 1143 1756 1184 comites
1778 1143 1886 1183 eius?

203 1229 233 1254 15
372 1215 482 1255 XIII.
525 1215 733 1256 Adfectus
757 1216 842 1256 eius
864 1230 948 1256 non
971 1221 1034 1255 est
1057 1216 1171 1268 quod
1194 1215 1470 1268 patrocinium
1492 1215 1613 1254 nobis
1637 1227 1887 1267 quaeramus

254 1292 296 1326 et
338 1292 582 1326 excusatam
616 1287 845 1336 licentiam,
885 1287 1070 1326 dicentes
1108 1291 1179 1325 aut
1210 1285 1309 1326 utile
1339 1286 1382 1326 id
1414 1299 1505 1325 esse
1537 1290 1608 1325 aut
1640 1284 1887 1325 ineuitabile.

254 1358 318 1398 cui
351 1358 460 1396 enim
493 1359 666 1398 tandem
700 1358 799 1397 uitio
832 1358 1061 1397 aduocatus
1094 1356 1246 1396 defuit?
1299 1370 1385 1396 non
1422 1362 1486 1396 est
1517 1357 1633 1409 quod
1667 1357 1780 1396 dicas
1813 1369 1886 1396 ex-

254 1429 333 1468 cidi
385 1443 470 1468 non
521 1442 658 1481 posse.
720 1428 972 1468 sanabilibus
1024 1433 1293 1480 aegrotamus
1345 1426 1464 1466 malis
1506 1428 1678 1480 ipsaque
1719 1441 1796 1467 nos
1847 1427 1887 1466 in

254 1506 415 1540 rectum
448 1500 614 1552 genitos
645 1505 803 1547 natura,
836 1499 867 1538 si
900 1499 1115 1538 emendari
1138 1497 1324 1546 uelimus,
1357 1499 1479 1538 iuuat.
1533 1511 1620 1546 nec,
1652 1504 1697 1538 ut
1719 1498 1886 1551 quibus-

200 1581 233 1607 20
255 1571 353 1610 dam
396 1570 528 1610 uisum
562 1576 646 1619 est,
688 1570 865 1609 arduum
908 1570 948 1608 in
993 1570 1164 1609 uirtutes
1203 1574 1246 1609 et
1284 1581 1479 1622 asperum
1510 1569 1588 1608 iter
1619 1575 1704 1610 est:
1759 1569 1886 1622 plano

254 1642 467 1681 adeuntur.
520 1655 605 1680 non
638 1654 770 1680 uanae
802 1640 923 1680 uobis
955 1646 1101 1680 auctor
1133 1640 1190 1679 rei
1222 1639 1354 1679 uenio.
1407 1639 1534 1679 facilis
1557 1646 1620 1680 est
1641 1639 1694 1679 ad
1716 1640 1886 1680 beatam

255 1713 383 1752 uitam
416 1713 502 1751 uia:
549 1712 645 1751 inite
678 1712 810 1751 modo
843 1711 965 1751 bonis
998 1711 1187 1763 auspiciis
1219 1711 1399 1763 ipsisque
1421 1710 1482 1749 dis
1510 1711 1619 1750 bene
1641 1711 1886 1751 iuuantibus.

255 1782 389 1823 multo
422 1781 622 1822 difficilius
654 1788 718 1822 est
749 1782 885 1822 facere
917 1783 995 1821 ista
1026 1795 1134 1834 quae
1166 1781 1306 1821 facitis.
1366 1781 1465 1834 quid
1498 1787 1560 1821 est
1593 1782 1717 1821 animi
1749 1782 1888 1834 quiete

257 1854 440 1902 otiosius,
473 1854 572 1906 quid
603 1854 661 1892 ira
682 1852 954 1893 laboriosius?
1004 1853 1105 1905 quid
1127 1851 1346 1892 clementia
1368 1852 1586 1901 remissius,
1619 1853 1719 1904 quid
1741 1852 1886 1893 crude-

202 1939 237 1965 ‘25
256 1925 372 1965 litate
394 1924 677 1977 negotiosius?
711 1929 832 1963 uacat
854 1924 1062 1977 pudicitia,
1084 1923 1214 1962 libido
1237 1923 1559 1975 occupatissima
1581 1929 1654 1963 est.
1699 1924 1888 1963 omnium

257 1996 436 2048 denique
478 1995 674 2034 uirtutum
717 1994 847 2034 tutela
890 1993 1015 2034 facilis
1048 1999 1133 2042 est,
1176 1994 1273 2033 uitia
1303 2007 1462 2046 magno
1495 1993 1696 2033 coluntur.
1759 1994 1888 2034 debet

255 2066 314 2106 ira
345 2066 561 2105 remoueri.
615 2065 697 2105 hoc
729 2079 784 2105 ex
815 2072 934 2118 parte
966 2064 1147 2104 fatentur
1179 2065 1304 2104 etiam
1328 2065 1396 2118 qui
1419 2065 1561 2104 dicunt
1587 2078 1678 2104 esse
1701 2065 1886 2104 minuen-

257 2137 380 2176 dam:
427 2142 518 2177 tota
549 2136 790 2185 dimittatur,
824 2135 920 2175 nihil
952 2135 1166 2189 profutura
1198 2142 1271 2175 est.
1324 2136 1412 2175 sine
1442 2135 1510 2174 illa
1541 2134 1694 2175 facilius
1720 2136 1886 2175 rectius-

254 2221 337 2261 que
379 2207 534 2259 scelera
576 2207 789 2256 tollentur,
833 2206 929 2246 mali
971 2207 1190 2259 punientur
1230 2213 1271 2246 et
1309 2207 1628 2246 transducentur
1660 2206 1699 2244 in
1732 2205 1889 2246 melius.

202 2292 237 2317 :in
259 2278 398 2318 omnia
439 2292 546 2331 quae
589 2278 717 2317 debet
760 2278 923 2331 sapiens
955 2279 1040 2317 sine
1074 2277 1191 2317 ullius
1224 2276 1359 2317 malae
1391 2278 1448 2317 rei
1481 2277 1708 2316 ministerio
1740 2276 1890 2317 efficiet

259 2348 439 2402 nihilque
471 2349 729 2397 admiscebit‚
763 2349 875 2388 cuius
908 2349 1085 2388 modum
1119 2347 1327 2388 sollicitius
1359 2347 1568 2388 obseruet.

376 2420 491 2459 XIV.
535 2420 798 2472 Numquam
822 2420 961 2472 itaque
1002 2419 1214 2459 iracundia
1245 2419 1510 2458 admittenda
1541 2424 1624 2466 est,
1666 2418 1889 2471 aliquando

259 2490 504 2539 simulanda,
537 2491 569 2530 si
601 2504 751 2542 segnes
783 2490 1037 2530 audientium
1070 2489 1193 2528 animi
1227 2490 1461 2529 concitandi
1494 2495 1600 2536 sunt,
1633 2489 1736 2528 sicut
1769 2490 1891 2528 tarde

259 2568 558 2614 consurgentes
581 2562 634 2601 ad
657 2575 822 2601 cursum
845 2574 975 2613 equos
998 2559 1172 2599 stimulis
1194 2559 1435 2612 facibusque
1448 2560 1624 2599 subditis
1646 2560 1890 2599 excitamus.

261 2680 279 2711 ἰ)
309 2680 338 2709 in
367 2680 525 2710 innnensfl
553 2679 753 2709 altitudinem
782 2678 944 2719 (ssmaris
970 2687 1156 2723 suprascr.
1184 2687 1227 2709 m.
1255 2678 1341 2718 rec.)
1448 2680 1467 2707 Η
1493 2677 1619 2707 sarcine
1723 2677 1892 2709 ssimittere

368 2738 406 2770 123
435 2739 564 2769 affectus
593 2738 620 2777 (f
639 2737 744 2781 prior
771 2740 878 2778 corr.)
994 2736 1038 2770 20
1066 2737 1223 2769 inuirtute.
1251 2746 1282 2773 s3
1314 2735 1342 2778 (.
1362 2746 1396 2772 s;
1426 2735 1460 2768 in
1488 2735 1575 2776 ras.)
1685 2731 1766 2766 est⁵³
1793 2735 1891 2776 plano

262 2797 307 2840 (s;
337 2795 367 2829 Ιι.
396 2807 424 2830 e.
452 2797 507 2827 sed
542 2806 730 2839 snprcwcr.
766 2807 809 2829 m.
845 2796 930 2837 rec.)
1085 2794 1129 2824 ,Ἣ
1164 2795 1250 2825 male
1286 2795 1317 2835 (e
1342 2793 1375 2827 ἰη
1405 2794 1491 2836 ras.)
1639 2794 1677 2827 :11
1719 2794 1892 2827 {imis-cebit

263 2857 296 2896 (ῐι
316 2855 424 2897 corr.)
524 2855 563 2888 ,²35
595 2861 820 2897 emungentes
850 2856 909 2897 (tes
935 2864 1030 2888 corr.
1057 2853 1089 2887 in
1123 2854 1211 2893 ras.)

1913 1644 1933 1677 ῑί
