1977 3231
68 889 88 918 (i

65 1944 85 1976 10

634 146 736 172 DlAL.
763 147 814 172 ΙΙΙ.
843 147 895 172 DE
921 147 988 172 IRA
1016 148 1086 175 LlB.
1114 148 1134 175 1.
1163 152 1186 175 1.
1215 151 1239 175 2.
1693 154 1747 193 37

118 242 253 281 lorum
285 255 330 281 se
361 242 473 294 ipsos
505 243 786 294 torquentium
819 256 966 291 sonus,
1017 245 1195 295 gemitus
1228 246 1494 298 mugitusque
1525 253 1567 286 et
1599 260 1746 300 parum

119 313 351 366 explanatis
384 313 556 352 uocibus
588 326 727 352 sermo
760 321 1007 367 praeruptus
1050 321 1091 354 et
1134 315 1361 369 conplosae
1402 317 1565 369 saepius
1598 331 1746 356 manus

119 390 160 422 et
201 383 362 436 pulsata
405 383 554 422 humus
597 384 774 436 pedibus
817 390 858 423 et
900 391 1037 424 totum
1081 387 1290 425 concitum
1335 400 1485 439 corpus
1529 401 1746 439 nugasque

118 453 270 493 delirae
302 454 450 493 mentis
482 467 622 505 agens,
665 453 790 493 foeda
821 455 909 494 uisu
943 462 984 495 et
1026 455 1234 495 horrenda
1276 457 1399 497 facies
1430 457 1744 510 deprauantium

70 529 83 559 Γ
117 538 161 563 se
193 530 319 576 atque
350 525 722 577 intumfscentium.
785 526 942 564 nescias
981 532 1117 565 utrum
1157 528 1288 578 magis
1322 528 1568 567 detestabile
1601 529 1744 568 uitium

116 595 167 633 sit
199 608 251 634 an
275 594 484 634 deforme.
547 602 685 634 cetera
725 595 820 635 licet
863 596 1124 635 abscondere
1157 604 1198 636 et
1239 598 1278 636 in
1321 598 1466 637 abdito
1511 599 1644 638 alere:
1687 600 1745 638 ira

115 679 160 704 se
202 665 360 717 profert
404 672 445 705 et
487 666 526 704 in
568 665 715 705 faciem
749 667 847 714 exit,
889 673 1131 718 quantoque
1174 668 1329 715 maior,
1382 669 1463 707 hoc
1514 670 1744 709 efferuescit

116 735 380 775 manifestius.
432 750 517 775 non
549 737 664 776 uides
697 744 741 775 ut
769 737 955 776 omnium
988 737 1236 785 animalium,
1269 738 1388 777 simul
1421 740 1474 778 ad
1504 741 1742 779 nocendum

114 807 434 854 insurrexerunt,
456 814 723 859 praecurrant
743 813 869 846 notae
902 821 950 847 ac
971 815 1061 847 tota
1084 822 1261 861 corpora
1283 810 1449 848 solitum
1472 811 1744 862 quietumque

115 878 379 929 egrediantur
401 877 589 916 habitum
623 884 664 917 et
686 877 891 917 feritatem
923 892 1041 917 suam
1072 878 1354 931 exasperent?
1407 870 1603 932 spumant
1635 881 1743 933 apris

113 961 196 995 ora,
230 949 377 987 dentes
409 954 610 987 acuuntur
641 949 805 995 adtritu,
837 955 1051 988 taurorum
1075 963 1230 989 cornua
1259 951 1461 989 iactantur
1493 951 1530 989 in
1564 965 1740 990 uacuum

114 1025 155 1057 et
187 1017 341 1057 harena
371 1017 491 1070 pulsu
512 1019 670 1071 pedum
703 1020 920 1071 spargitur,
953 1019 1095 1059 leones
1127 1020 1317 1064 fremunt,
1350 1003 1540 1071 iriflantur
1572 1022 1742 1061 inritatis

113 1088 219 1127 colla
250 1089 522 1141 serpentibus,
555 1090 793 1128 rabidarum
827 1103 975 1128 canum
1017 1091 1141 1130 tristis
1183 1092 1406 1143 adspectus
1449 1091 1535 1131 e'st:
1583 1092 1741 1130 nullum

114 1165 176 1198 est
208 1159 358 1198 animal
400 1165 486 1198 tam
529 1160 785 1199 horrendum
828 1166 914 1199 tam
958 1161 1321 1213 perniciosumque
1362 1168 1528 1209 natura,
1572 1169 1616 1202 ut
1657 1176 1741 1201 non

113 1236 312 1282 appareat
343 1230 379 1268 in
420 1229 506 1278 illo,
549 1230 669 1269 simul
711 1230 769 1270 ira
811 1231 973 1278 inuasit,
1024 1244 1158 1270 nouae
1197 1231 1366 1271 feritatis
1408 1233 1599 1272 accessio.
1664 1247 1740 1273 nec

112 1301 262 1352 ignoro
297 1307 458 1340 ceteros
491 1314 659 1352 quoque
691 1300 878 1340 adfectfi‘s
911 1302 981 1340 uix
1015 1301 1222 1349 occultari,
1253 1302 1465 1342 libidinem
1498 1309 1742 1355 metumque

114 1377 156 1410 et
187 1372 403 1410 audaciam
437 1373 537 1410 dare
569 1372 629 1411 sui
661 1373 779 1423 signa
811 1378 853 1411 et
896 1386 1021 1424 posse
1063 1373 1288 1424 praenosci.
1350 1387 1485 1425 neque
1518 1374 1627 1412 enim
1661 1374 1742 1413 ulla

114 1441 400 1481 uehementior
432 1442 539 1481 intra
570 1443 755 1493 agitatio,
787 1456 894 1494 quae
925 1442 1020 1482 nihil
1054 1450 1223 1482 moueat
1254 1444 1294 1483 in
1317 1444 1443 1483 uoltu.
1506 1445 1604 1496 quid
1637 1458 1739 1497 ergo

113 1513 309 1551 interest?
372 1514 486 1564 quod
518 1512 582 1551 alii
614 1512 801 1552 adfectus
833 1520 1046 1565 apparent,
1079 1514 1144 1553 hic
1177 1508 1355 1576 emirffit.
1357 1505 1380 1518 ⁴
1465 1525 1579 1541 *mv*
1606 1520 1670 1550 1'

233 1582 281 1621 ΙΙ.
324 1585 411 1621 Iam
455 1596 555 1622 uero
593 1584 625 1622 si
668 1583 839 1623 effectus
882 1585 967 1623 eius
1011 1585 1248 1636 damnaque
1287 1586 1435 1625 intueri
1478 1586 1599 1634 uelis,
1633 1586 1741 1625 nulla

113 1653 240 1706 pestis
272 1652 456 1692 humano
489 1655 629 1705 generi
670 1654 795 1706 pluris
837 1656 960 1694 stetit.
1024 1655 1184 1694 uidebis
1227 1657 1377 1695 caedes
1419 1669 1467 1696 ac
1510 1670 1668 1696 uenena
1701 1662 1742 1696 et

114 1737 278 1763 reorum
312 1730 477 1763 mutuas
509 1725 657 1764 sordes
691 1732 732 1764 et
754 1725 917 1764 urbium
951 1725 1091 1765 clades
1124 1732 1165 1765 et
1197 1732 1379 1765 totarum
1405 1727 1532 1766 exitia
1554 1728 1740 1779 gentium

113 1801 154 1834 et
195 1795 425 1846 principum
468 1795 546 1834 sub
590 1794 693 1834 ciuili
735 1795 856 1834 hasta
899 1797 1035 1848 capita
1078 1796 1237 1835 uenalia
1280 1804 1321 1836 et
1362 1798 1569 1837 subiectas
1622 1797 1741 1837 tectis

113 1865 222 1904 faces
254 1878 330 1904 nec
363 1866 468 1904 intra
490 1866 656 1904 moenia
678 1867 882 1905 coercitos
911 1866 1027 1905 ivnes
1059 1866 1132 1905 sed
1162 1867 1344 1918 ingentia
1367 1868 1500 1919 spatia
1522 1869 1741 1920 regionum

892 1937 897 1943 .
924 1899 949 1942 Ῡ

112 1935 249 1975 hostili
282 1935 452 1974 flamma
484 1936 718 1975 relucentia.
781 1937 951 1989 adspice
973 1937 1324 1977 nobilissimarum
1348 1938 1560 1978 ciuitatum
1594 1938 1737 1977 funda·
1760 1955 1774 1976 ·.

113 2012 254 2045 menta
285 2007 356 2044 uix
389 2006 611 2046 notabilia:
647 2006 722 2046 has
756 2008 813 2046 ira
835 2007 995 2046 deiecit,
1038 1998 1205 2065 adspice
1239 2008 1481 2048 solitudines
1505 2022 1588 2062 per
1610 2009 1741 2048 multa

112 2076 221 2116 milia
253 2077 339 2116 sine
372 2077 609 2116 habitatore
642 2079 854 2117 desertas:
891 2077 966 2117 has
998 2079 1056 2117 ira
1088 2078 1292 2118 exhausit.
1355 2070 1531 2132 adspice
1556 2086 1619 2119 tot
1653 2093 1737 2118 me-

112 2208 131 2236 :3
159 2216 323 2246 nugasque
357 2206 478 2236 delirae
512 2207 627 2236 mentis
658 2203 777 2238 Koch:
815 2217 1014 2247 magnasque
1049 2207 1115 2237 irae
1150 2208 1254 2237 minas
1288 2206 1366 2241 cod.
1401 2219 1600 2249 magnasque
1634 2209 1740 2238 ruinas

112 2262 279 2308 Maduz'q,
307 2275 507 2306 magnasque
533 2276 589 2295 ore
614 2276 744 2306 spumas
770 2263 895 2308 Haupt
1021 2265 1042 2297 4
1069 2266 1144 2303 feda
1272 2266 1290 2295 Ti
1319 2267 1396 2308 adq;
1532 2268 1620 2299 uicisl

113 2324 132 2355 ij
159 2327 189 2353 et
216 2323 247 2353 in
274 2323 387 2353 abdito
408 2321 576 2367 plerique
602 2322 702 2356 libri:
733 2327 762 2354 et
789 2324 902 2355 abdito
1072 2327 1091 2355 ’.1
1118 2325 1339 2368 praecurrant]
1369 2330 1559 2366 procurrant
1584 2335 1661 2358 cnm
1682 2336 1739 2359 ue-

112 2380 319 2414 tustioribus
345 2380 562 2415 editionibus
587 2381 713 2415 maluit
741 2380 847 2415 Gertz
884 2381 950 2416 sed
983 2381 1076 2415 illuct
1108 2385 1227 2417 tuetur
1255 2382 1440 2417 Schultess
1465 2383 1606 2417 conlato
1634 2395 1666 2418 u.
1699 2386 1737 2416 17

112 2442 301 2482 praenosci3
331 2438 378 2484 cf.
403 2445 597 2484 praeterea
624 2451 704 2486 epp.
726 2444 779 2482 74,
807 2443 847 2473 33
876 2443 1154 2483 quemadmodum
1181 2443 1212 2473 in
1240 2444 1430 2484 corporibus
1458 2444 1621 2484 languosis
1646 2444 1739 2484 signa

111 2504 320 2541 praecurrunt
471 2501 676 2542 quietumque
703 2500 828 2533 ceteri:
857 2505 936 2542 qen-i
1100 2502 1136 2533 12
1164 2512 1261 2532 arena
1406 2502 1535 2532 irritatis
1699 2501 1739 2534 14

111 2563 178 2589 tam
205 2558 498 2601 perniciosumque]
527 2557 570 2592 de
596 2557 664 2592 Ιιαο
688 2557 898 2604 particulae
925 2571 986 2601 que
1012 2558 1272 2601 conlocatione,
1307 2558 1350 2593 ab
1381 2558 1578 2594 editoribus
1603 2566 1738 2604 spreta,

112 2615 159 2660 cf.
186 2615 332 2650 Ellendt
357 2616 406 2650 ad
434 2616 501 2651 Cic.
531 2616 575 2650 de
601 2628 652 2651 or.
686 2621 713 2658 l,
744 2621 772 2660 1,
810 2620 838 2659 2,
874 2617 936 2651 ubl
959 2628 1036 2651 cum
1064 2616 1136 2651 alla
1163 2616 1333 2662 exempla
1360 2628 1409 2652 ea?
1435 2617 1525 2652 libro
1552 2618 1630 2659 illo,
1667 2624 1739 2652 tum

114 2676 144 2714 2,
173 2676 236 2715 33,
272 2676 335 2708 1¹2
362 2680 467 2706 tantos
494 2681 559 2707 tam
586 2677 882 2718 praecipitatusque
908 2688 1000 2708 casus
1026 2675 1150 2719 adfert
1298 2677 1337 2709 1ἴ)
1365 2688 1469 2708 nouae
1495 2676 1627 2722 Neap.:
1657 2689 1740 2710 noue

113 2734 197 2774 (non
223 2735 322 2777 noua)
350 2733 427 2768 cod.
554 2736 594 2767 lli
621 2732 722 2766 aft'ect'
855 2736 890 2768 lo
917 2737 1052 2777 agitatio
1072 2733 1241 2779 Maduiq:
1271 2736 1428 2776 cogitatio
1456 2735 1534 2770 cod.
1561 2738 1738 2768 concitatio

115 2801 223 2836 Gertz
352 2810 397 2836 est
420 2810 505 2849 ρος(
531 2807 689 2847 cogitatio
716 2806 885 2839 omissum
1015 2806 1101 2837 uultu
1230 2806 1265 2837 13·
1300 2796 1392 2837 asftus
1519 2806 1563 2839 20
1590 2808 1734 2848 dapnaq;

254 2862 296 2895 223
324 2870 392 2894 asta
537 2864 580 2897 ‘21‘
608 2866 716 2905 aspice

1766 897 1796 921 10

1765 1250 1792 1273 15

1761 1600 1794 1625 20
