1977 3231
39 936 58 967 N.

545 124 703 161 1›1A1..'V.
744 135 794 160 DF
818 136 881 161 nu
906 137 975 164 Lis
999 139 1050 164 111.
1107 141 1131 166 ει.
1155 142 1197 166 κω.
1219 142 1261 166 ιιι.
1632 148 1703 184 111

91 241 198 267 nunc
240 234 378 268 autem
411 229 589 281 primum
623 230 808 283 inpetum
839 234 1060 286 sequimur.
1113 237 1264 276 deinde
1296 240 1485 290 quamuis
1508 253 1613 278 uana
1635 254 1711 279 nos

90 299 397 346 concitauerint,
429 314 766 352 perseueramus‚
808 317 860 343 ne
893 304 1107 345 uideamur
1139 309 1325 360 coepisse
1357 309 1443 348 sine
1474 322 1607 349 causa.
1670 316 1710 350 et

89 370 203 421 quod
235 370 532 422 iniquissimum
565 378 648 419 est,
681 374 974 425 pertinaciores
1006 389 1082 415 nos
1115 376 1209 417 facit
1241 378 1428 431 iniquitas
1460 381 1554 420 irae.
1617 382 1707 421 reti-

89 453 235 479 nemus
268 441 376 479 enim
408 441 519 480 illam
543 449 583 481 et
605 456 817 495 augemus,
850 447 965 497 quasi
987 454 1280 499 argumentum
1303 451 1353 489 sit
1376 451 1480 490 iuste
1500 452 1710 491 irascentis

88 511 268 561 grauiter
300 512 422 550 irasci.

127 567 136 573 “
206 581 341 621 XXX.
394 581 565 635 Quanto
607 585 750 625 melius
794 592 856 626 est
897 582 1007 627 initia
1048 589 1137 641 ipsa
1178 591 1410 643 perspicere
1448 605 1573 643 quam
1607 592 1711 633 leuia

86 652 182 694 sint,
215 666 339 704 quam
374 653 568 694 innoxia?
620 657 736 707 quod
768 658 956 697 accidere
987 659 1103 699 uides
1135 661 1379 701 animalibus
1412 663 1556 711 mutis,
1597 664 1708 703 idem

86 722 125 761 in
157 722 326 762 homine
358 725 616 775 deprendes:
654 725 806 766 friuolis
839 727 1055 768 turbamur
1086 737 1127 770 et
1159 731 1356 771 inanibus.
1409 738 1572 773 taurum
1596 734 1710 774 color

85 793 336 833 rubicundus
378 796 556 844 excitat,
605 798 659 836 ad
699 798 890 838 umbram
933 801 1042 852 aspis
1084 803 1272 854 exurgit,
1325 817 1457 843 ursos·
1484 804 1708 857 leonesque

87 877 239 916 mappa
280 865 463 917 proritat.
530 867 669 906 omnia
711 881 818 920 quae
847 876 1008 932 snatura
1050 871 1135 911 fera
1176 887 1225 912 ac
1265 873 1410 913 rabida
1452 881 1568 923 sunt,
1610 889 1706 915 con-

85 940 320 974 sternantur
371 938 425 975 ad
478 951 593 977 uana.
665 938 774 979 idem
829 941 1018 993 inquietis
1068 949 1108 981 et
1149 943 1310 984 stolidis
1351 945 1522 996 ingeniis
1561 947 1707 986 euenit.

84 1018 221 1045 rerum
272 1007 505 1060 suspicione
556 1008 771 1058 feriuntur,
815 1012 924 1051 adeo
966 1013 1158 1065 quidem,
1211 1020 1255 1054 ut
1297 1015 1503 1064 interdum
1547 1017 1709 1056 iniurias

85 1082 236 1115 uocent
268 1078 433 1117 modica
460 1078 670 1128 beneficia,
704 1082 742 1120 in
765 1082 913 1134 quibus
935 1082 1277 1136 frequentissima,
1310 1092 1422 1144 certe
1444 1087 1709 1126 acerbissima

84 1147 316 1187 iracundiae
358 1149 530 1189 materia
573 1157 646 1190 est.
708 1154 940 1193 carissumis
979 1155 1087 1195 enim
1129 1156 1360 1204 irascimur,
1403 1157 1516 1209 quod
1550 1158 1708 1197 minora

84 1217 203 1256 nobis
235 1220 513 1269 praestiterint
545 1236 670 1273 quarn
705 1230 845 1263 mente
878 1226 1143 1277 concepimus
1175 1240 1386 1280 quamque
1416 1227 1480 1267 alii
1502 1227 1702 1268 tulerunt:

84 1301 177 1327 cum
221 1289 431 1342 utriusque
474 1292 529 1331 rei
571 1299 761 1344 paratum
804 1296 1035 1335 remedium
1078 1297 1139 1336 sit.
1203 1299 1335 1350 magis
1367 1297 1483 1338 alteri
1514 1298 1703 1339 indulsit:

82 1366 223 1400 nostra
255 1374 331 1400 nos
363 1362 450 1401 sine
482 1364 781 1416 conparatione
814 1365 1032 1406 delectent.
1086 1382 1312 1421 numquam
1346 1370 1421 1409 erit
1452 1369 1549 1409 felix
1581 1384 1704 1422 quem

81 1431 293 1482 torquebit
335 1431 499 1472 felicior.
562 1435 697 1474 minus
739 1435 877 1475 habeo
910 1451 1036 1489 quam
1069 1440 1254 1490 speraui:
1302 1441 1378 1479 sed
1410 1440 1584 1480 fortasse
1617 1443 1707 1493 plus

80 1502 242 1553 speraui
274 1516 399 1555 quam
433 1504 572 1545 debui.
626 1504 729 1545 haec
760 1499 854 1559 pars
888 1509 1073 1549 maxime
1105 1512 1330 1550 metuenda
1362 1517 1435 1550 est.
1488 1510 1581 1551 hinc
1613 1526 1704 1564 per-

80 1572 375 1613 niciosissimae
428 1575 509 1614 irae
560 1582 781 1616 nascuntur
833 1584 873 1618 et
932 1580 1189 1619 sanctissima
1240 1595 1430 1634 quaeque
1480 1583 1705 1622 inuasurae.

81 1641 220 1681 diuum
255 1643 400 1683 Iulium
434 1646 571 1698 plures
605 1646 871 1688 confecerunt
904 1651 1024 1689 amici
1057 1664 1182 1702 quarn
1216 1652 1378 1701 inimici,
1411 1667 1589 1705 quorum
1622 1667 1706 1693 non

81 1713 323 1766 expleuerat
356 1730 451 1768 spes
484 1718 767 1771 inexplebiles.
818 1719 945 1759 uoluit
977 1721 1146 1773 quidem
1180 1722 1256 1771 ille,
1290 1737 1424 1776 neque
1457 1726 1565 1763 enim
1599 1725 1704 1777 quis-

79 1797 203 1836 quam
247 1785 450 1826 liberalius
484 1788 654 1828 uictoria
687 1803 783 1829 usus
816 1796 898 1839 est,
943 1805 997 1830 ex
1030 1806 1113 1844 qua
1144 1792 1240 1832 nihil
1272 1794 1347 1833 sibi
1381 1795 1602 1835 uindicauit
1634 1796 1706 1835 nisi

79 1855 345 1908 dispensandi
377 1864 632 1910 potestatem
699 1861 774 1900 sed
807 1863 1167 1913 quemadmodum
1201 1863 1388 1904 sufficere
1411 1871 1497 1904 tarn
1521 1866 1705 1918 inprobis

80 1926 290 1966 desideriis
322 1935 477 1980 posset,
511 1943 603 1969 cum
637 1937 798 1970 tantum
823 1946 969 1972 omnes
993 1934 1343 1986 concupiscerent,
1376 1943 1577 1987 quantum
1602 1951 1705 1976 unus
1725 1948 1757 1970 ·-s·›

79 2000 272 2049 poterat?
317 1999 418 2038 uidit
450 2001 588 2052 itaque
616 2002 766 2042 strictis
794 2003 901 2042 circa
922 2003 1065 2043 sellam
1089 2018 1206 2044 suam
1229 2006 1377 2057 gladiis
1400 2007 1705 2046 commilitones

77 2081 186 2116 suos,
221 2067 448 2118 Cimbrum,
472 2071 648 2119 Tillium,
682 2074 927 2113 acerrimum
960 2075 1084 2127 paulo
1108 2082 1206 2115 ante
1226 2077 1406 2128 partium
1429 2077 1703 2126 defensorem,

78 2138 264 2191 aliosque
305 2146 401 2192 post
441 2141 687 2194 Pompeium
731 2145 902 2183 demum
946 2145 1237 2198 Pompeianos.
1300 2147 1404 2187 haec
1446 2162 1510 2187 res
1551 2163 1624 2188 sua
1666 2149 1702 2187 in

79 2223 198 2261 reges
231 2224 346 2250 arma
379 2214 583 2252 conuertit
616 2213 920 2267 fidissimosque
954 2229 1004 2255 eo
1028 2217 1222 2269 conpulit,
1257 2224 1299 2258 ut
1323 2219 1375 2257 de
1399 2225 1535 2259 morte
1558 2233 1701 2259 eorum

78 2281 321 2332 cogitarent,
354 2295 430 2333 pro
462 2284 610 2335 quibus
643 2290 684 2323 et
716 2292 812 2325 ante
844 2300 950 2337 quos
983 2288 1088 2326 mori
1121 2294 1266 2327 uotum
1300 2289 1545 2330 habuerunt.

196 2351 351 2391 XXXI.
393 2353 500 2392 Nulli
523 2355 577 2393 ad
600 2355 731 2395 aliena
753 2357 983 2408 respicienti
1012 2371 1085 2397 sua
1107 2358 1282 2410 placent.
1335 2360 1430 2399 inde
1453 2361 1514 2400 dis
1537 2375 1703 2414 quoque

77 2422 307 2469 irascimur,
351 2425 465 2475 quod
508 2424 650 2477 aliquis
691 2440 766 2466 nos
808 2427 1048 2475 antecedat,
1092 2428 1210 2468 obliti
1252 2436 1452 2482 quantum
1485 2431 1700 2472 hominum

78 2498 188 2532 retro
220 2493 291 2541 sit,
326 2499 366 2532 ct
398 2494 538 2558 paucis
571 2496 822 2536 inuidentem
856 2505 1056 2551 quantum
1089 2506 1285 2551 sequatur
1317 2515 1341 2540 a
1372 2507 1493 2553 tergo
1526 2503 1702 2554 ingentis

78 2623 97 2654 2
125 2622 248 2662 cepisse
376 2622 395 2653 3⁸»
432 2624 632 2665 iniquissimi]
672 2626 715 2667 (ui
741 2625 775 2659 in
804 2629 892 2668 ras.)
1032 2627 1067 2660 14
1102 2629 1285 2660 carissumis
1322 2635 1353 2671 (u
1379 2630 1414 2662 in
1443 2632 1449 2660 i
1477 2635 1573 2665 mul.)

82 2680 120 2712 lh
157 2680 290 2712 tulerunt
319 2679 486 2724 Madm'q:
517 2684 641 2714 tulerint
779 2685 822 2717 Ἡ)
856 2687 1083 2717 sanctissima-tr.-
1246 2688 1284 2720 *31
1325 2689 1430 2729 plures
1462 2690 1558 2720 amici
1593 2691 1701 2720 eonsc-

78 2743 184 2769 cerunt
220 2740 315 2770 amici
352 2741 474 2784 (prius
508 2743 604 2773 amici
640 2741 771 2777 lineola
807 2749 1020 2778 transuersa
1055 2744 1222 2789 deletum)
1351 2747 1391 2780 24
1431 2749 1472 2778 im
1504 2749 1577 2789 phi>-

77 2796 120 2830 ‘25
147 2802 298 2838 quanti-1*
447 2799 490 2833 27
526 2802 657 2832 Tillium
684 2800 868 2837 Muretus:
898 2804 1018 2836 uillium
1150 2805 1186 2838 :31
1229 2806 1366 2838 indediis
1486 2806 1529 2838 531³,
1566 2818 1582 2837 a
1610 2811 1699 2849 tergo

79 2856 111 2895 (a
137 2855 170 2888 in
200 2867 285 2896 ras„
313 2864 320 2887 ί
348 2858 447 2891 im'lt'o
476 2870 602 2893 uersus
628 2860 767 2904 addila)

1733 886 1762 910 Ιιι

1732 1240 1760 1264 15

1726 1592 1759 1616 'Ru

1730 1946 1739 1962 )

1723 2301 1756 2323 :50
