2008 3221
184 856 212 880 10

185 1214 214 1238 15

184 1923 218 1949 25

236 114 312 153 182
534 108 637 135 DlAL.
653 107 716 133 VII.
756 107 810 132 AD
831 105 1066 132 GALLIONEM
1088 105 1141 130 DE
1160 104 1256 130 VITA
1280 104 1419 130 BEATA.
1458 105 1503 131 26.
1523 105 1568 131 27.

230 209 362 262 ipsam
395 212 437 246 ut
471 206 586 252 deos,
618 209 659 243 et
691 202 950 256 professores
983 201 1067 241 eius
1100 207 1145 241 ut
1176 201 1379 241 antistites
1412 200 1544 241 colite.
1597 207 1639 241 et
1667 201 1859 254 quotiens

232 279 389 318 mentio
422 288 631 316 sacrarum
663 273 874 314 literarum
907 272 1182 320 interuenerit,
1215 271 1351 311 fauete
1384 271 1541 323 linguis.
1585 271 1666 312 hoc
1689 272 1863 312 uerbum

231 363 327 397 non,
361 353 404 387 ut
426 346 612 399 plerique
635 345 888 392 existimant,
921 358 945 384 a
966 343 1110 383 fauore
1132 341 1316 391 trahitur,
1349 343 1424 382 sed
1447 343 1625 395 imperat
1646 342 1864 392 silentium,

232 426 276 459 ut
318 420 393 459 rite
436 417 577 470 peragi
621 417 752 469 possit
785 429 948 455 sacrum
982 414 1092 454 nulla
1125 427 1229 454 uoce
1263 412 1372 453 mala
1403 413 1687 466 obstrepente.
1749 415 1865 466 quod

233 490 364 530 multo
410 488 542 540 magis
585 487 864 527 necessarium
908 492 971 526 est
1003 485 1194 538 imperari
1227 483 1368 532 uobis,
1414 490 1457 524 ut
1489 485 1681 537 quotiens
1714 483 1866 537 aliquid

232 576 286 601 cx
320 560 388 600 illo
421 558 653 612 proferetur
685 557 864 605 oraculo,
898 557 1042 596 intenti
1076 561 1117 595 et
1149 569 1374 609 conpressa
1406 569 1510 595 uoce
1542 556 1729 595 audiatis.
1772 569 1865 596 cum

231 633 397 672 sistrum
430 629 572 683 aliquis
606 629 847 669 concutiens
880 642 933 668 ex
967 627 1142 680 imperio
1176 627 1381 675 mentitur,
1416 640 1509 666 cum
1533 625 1677 679 aliquis
1698 628 1867 667 secandi

231 704 409 743 lacertos
441 714 540 742 suos
572 699 721 741 artifex
755 698 925 739 brachia
956 704 1081 751 atque
1104 711 1272 738 umeros
1294 710 1496 750 suspensa
1519 711 1643 737 manu
1666 703 1867 747 cruentat,

233 788 327 814 curn
370 773 513 825 aliquis
555 771 730 823 genib'u's
773 783 847 824 per
888 771 997 810 uiam
1039 782 1187 822 repens
1230 768 1358 808 ululat
1398 767 1644 821 laurumque
1676 767 1869 809 linteatus

232 859 364 885 senex
397 850 438 883 et
471 843 611 883 medio
643 842 855 882 lucernam
889 842 956 882 die
987 840 1226 894 praeferens
1258 839 1492 880 conclamat
1513 840 1662 880 iratum
1687 839 1866 892 aliquem

235 917 423 963 deorum,
458 913 696 954 concurritis
719 919 761 953 et
783 913 932 953 auditis
955 918 996 952 et
1019 913 1201 952 diuinum
1225 925 1315 952 esse
1338 925 1445 960 eum,
1478 912 1653 951 inuicem
1677 917 1867 951 mutuum

233 987 389 1028 alentes
422 992 652 1038 stuporem,
685 984 928 1025 adfirmatis.
1324 1036 1327 1037 ⁷

351 1057 529 1097 XXVII.
583 1056 695 1096 Ecce
718 1055 914 1096 Socrates
944 1069 998 1094 ex
1021 1053 1089 1094 illo
1113 1067 1289 1102 carcere,
1312 1068 1437 1107 quem
1462 1054 1654 1094 intrando
1676 1054 1870 1106 purgauit

235 1130 432 1182 omnique
473 1127 760 1168 honestiorem
801 1127 911 1167 curia
943 1126 1148 1174 reddidit,
1192 1125 1449 1179 proclamat:
1497 1125 1587 1177 quis
1619 1125 1695 1165 iste
1729 1124 1868 1165 furor?

234 1215 341 1253 quae
375 1201 452 1240 ista
484 1199 647 1239 inimica
679 1199 741 1239 dis
774 1197 1097 1250 hominibusque
1129 1203 1275 1237 natura
1307 1202 1370 1236 est
1402 1196 1601 1236 infamare
1635 1197 1806 1236 uirtutes
1829 1202 1870 1236 et

236 1272 426 1325 malignis
458 1270 721 1311 sermonibus
753 1274 898 1310 sancta
930 1268 1110 1309 uiolare?
1155 1269 1187 1308 si
1219 1268 1406 1321 potestis,
1439 1268 1576 1307 bonos
1608 1267 1800 1307 laudate:
1837 1268 1870 1306 si

235 1344 393 1391 minim,
435 1342 617 1382 transite.
680 1341 796 1393 quod
838 1341 870 1380 si
909 1340 1029 1379 uobis
1069 1353 1265 1379 exercere
1297 1345 1475 1378 taetram
1508 1339 1628 1378 istam
1663 1338 1869 1378 licentiam

235 1414 393 1467 placet,
428 1413 531 1453 alter
563 1414 602 1452 in
635 1411 810 1453 alterum
843 1411 1089 1451 incursitate.
1153 1424 1249 1449 nam
1284 1423 1377 1449 cum
1412 1410 1451 1448 in
1485 1409 1644 1449 caelum
1677 1410 1870 1457 insanitis,

235 1500 318 1525 non
361 1486 456 1525 dico
499 1484 759 1536 sacrilegium
804 1482 953 1531 facitis,
996 1483 1072 1522 sed
1114 1495 1287 1534 operam
1330 1481 1511 1534 perditis.
1575 1480 1746 1533 praebui
1790 1492 1902 1533 ego·

183 1570 197 1593 2
236 1556 460 1610 aliquando
504 1554 779 1607 Aristophani
833 1552 1050 1593 materiam
1103 1553 1301 1592 iocorum.
1378 1557 1468 1591 tota
1510 1550 1576 1591 illa
1618 1551 1873 1591 comicorum

236 1634 457 1681 poetarum
492 1639 639 1666 manus
671 1626 711 1665 in
745 1638 812 1664 me
845 1623 1215 1675 uenenatos'sales
1244 1637 1341 1663 suos
1371 1622 1539 1662 effudit:
1576 1622 1792 1663 inlustrata
1813 1629 1876 1663 est

237 1700 362 1739 uirtus
396 1712 491 1738 mea
522 1712 596 1751 per
629 1711 679 1737 ea
710 1697 814 1749 ipsa,
853 1710 928 1749 per
960 1709 1066 1747 quae
1099 1695 1330 1748 petebatur.
1398 1695 1572 1746 produci
1605 1696 1714 1733 enim
1749 1693 1800 1733 illi
1834 1700 1876 1733 et

236 1770 433 1823 temptari
465 1769 651 1822 expedit,
685 1782 761 1808 nec
794 1767 861 1807 ulli
894 1767 1026 1820 magis
1058 1765 1320 1818 intellegunt,
1354 1771 1511 1818 quanta
1541 1765 1614 1812 sit,
1647 1778 1773 1817 quarn
1807 1765 1876 1818 qui

237 1842 344 1881 uires
388 1841 473 1881 eius
516 1840 762 1880 lacessendo
805 1845 1031 1878 senserunt.
1096 1838 1243 1877 duritia
1282 1836 1401 1876 silicis
1433 1835 1551 1876 nullis
1584 1836 1717 1888 magis
1749 1850 1874 1889 quam

238 1912 477 1953 ferientibus
509 1918 612 1951 nota
644 1918 706 1950 est
771 1902 956 1962 praebeo
990 1923 1058 1949 me
1091 1922 1174 1948 non
1207 1908 1324 1948 aliter
1355 1921 1480 1960 quam
1514 1921 1637 1960 rupes
1669 1906 1806 1960 aliqua
1836 1908 1876 1947 in
1903 1914 1909 1943 ζ

239 1985 399 2038 uadoso
443 1984 545 2022 mari
589 1982 808 2029 destituta,
851 1994 978 2033 quam
1022 1979 1168 2019 fluctus
1209 1993 1292 2019 non
1327 1979 1543 2026 desinunt,
1586 1978 1877 2031 undecumque

239 2055 342 2095 moti
383 2060 499 2102 sunt,
532 2053 752 2093 uerberare
795 2065 871 2092 nec
913 2052 1009 2092 ideo
1042 2057 1112 2090 aut
1145 2051 1238 2090 loco
1272 2064 1365 2090 eam
1400 2055 1572 2090 mouent
1604 2055 1674 2089 aut
1706 2063 1780 2101 per
1812 2055 1877 2090 tot

239 2133 398 2166 aetates
440 2125 588 2165 crebro
633 2125 794 2164 incursu
836 2137 914 2163 suo
958 2129 1218 2162 consumunt.
1282 2121 1465 2170 adsilite‚
1515 2120 1636 2160 facite
1677 2121 1876 2173 inpetum.

240 2197 413 2237 ferendo
458 2210 534 2235 uos
578 2196 752 2235 uincam.
816 2196 855 2234 in
898 2208 967 2243 ea,
1009 2207 1117 2246 quae
1161 2193 1281 2233 firma
1323 2198 1364 2232 et
1406 2191 1733 2244 inexuperabilia
1770 2197 1877 2240 sunt,

240 2316 260 2348 ‘2
289 2326 381 2346 sacra
407 2315 582 2346 litterarum
611 2311 689 2347 cod.
709 2323 873 2344 sacrarum
893 2312 1070 2343 litterarum
1090 2309 1204 2355 Neap.
1224 2309 1323 2355 qaod
1339 2320 1405 2344 ear
1426 2308 1564 2343 Seneca
1583 2307 1628 2342 (ἵε
1640 2307 1875 2354 philosophia

241 2374 358 2407 minus
393 2377 490 2407 recle
524 2372 644 2406 dicere
675 2371 854 2417 polucrt'l,
890 2381 996 2415 quam
1025 2369 1069 2404 de
1096 2369 1195 2404 bren.
1223 2369 1285 2404 uil.
1320 2371 1369 2412 Η,
1400 2371 1411 2402 1
1443 2369 1489 2400 illi
1516 2369 1686 2401 clarissimi
1712 2379 1877 2401 sacrarum

241 2434 431 2474 opinionum
460 2433 658 2471 conditores,
680 2442 815 2476 parum
843 2429 969 2467 m’dc303
999 2441 1164 2461 sacrarum
1191 2430 1327 2460 uitarum
1355 2426 1506 2472 llladm'q
1652 2429 1716 2459 hoe
1743 2428 1877 2459 uerbum

243 2492 333 2529 dest:
363 2493 438 2523 hnic
466 2493 567 2523 uerbi]
691 2492 710 2523 33
739 2491 875 2532 imperat
905 2488 1036 2523 Gertz:
1068 2490 1244 2530 imperatur
1365 2487 1384 2518 ἴ)
1412 2487 1533 2529 aliquid
1561 2487 1597 2528 (d
1624 2487 1735 2528 corr.)

243 2555 262 2583 ι’»
289 2562 475 2593 compressa
599 2553 619 2578 δ’
655 2551 806 2581 humeros
835 2549 960 2591 (corr.)
1082 2546 1102 2579 {l
1141 2548 1218 2589 μῑιὶῖι
1352 2547 1546 2588 Ῑίὶῑῑΐωῐην»
1685 2546 1714 2579 ll
1756 2549 1877 2578 mutum

247 2610 365 2653 Gertz,
392 2609 491 2655 quod
516 2620 639 2643 uerum
667 2619 734 2641 mm
760 2613 849 2652 pecco
978 2608 1012 2641 12
1041 2608 1209 2638 affirmatis
1238 2605 1360 2650 (prior
1385 2606 1398 2636 f
1420 2605 1531 2647 corr.)
1662 2604 1693 2637 14
1725 2606 1794 2647 quis
1821 2606 1879 2637 iste

246 2668 370 2714 uulqo:
400 2670 452 2710 qui
481 2670 537 2701 iste
565 2670 588 2712 (i
617 2670 674 2700 istc
700 2669 810 2710 corr.)
940 2667 976 2709 li)
1004 2667 1259 2707 hominibusqwr:
1406 2665 1563 2696 infamare
1589 2665 1718 2696 uirtutes
1744 2663 1876 2707 (omnia

245 2730 279 2763 in
307 2728 397 2771 ras.)
528 2729 563 2761 Γ.)
597 2739 698 2769 opam
727 2727 775 2769 (in
803 2728 889 2769 ras.)
1012 2727 1123 2768 prebui
1247 2725 1284 2757 21
1317 2725 1472 2756 illustrata
1593 2724 1636 2756 ‘22
1663 2735 1750 2766 *pque

246 2788 439 2834 251prebco
562 2788 592 2818 in
619 2787 756 2830 uadoso]
785 2786 901 2832 [ἐρεῖτ’
925 2787 955 2816 in
984 2786 1108 2817 undoso
1135 2783 1381 2819 necessarium
1407 2793 1475 2817 non
1503 2793 1581 2817 csse
1606 2781 1751 2817 uidetur

247 2850 291 2881 2⁴3
319 2848 547 2889 unslecumqfle
669 2849 713 2880 ‘lo'
740 2847 859 2877 assilite
888 2844 1005 2890 (prior
1031 2857 1044 2876 s
1071 2845 1181 2887 corr.)
1304 2845 1427 2885 impelsl

1899 1487 1917 1519 iv
