1977 3231
512 156 716 183 ACCIDANT
743 157 824 183 CVM
852 156 1124 182 PROVIDENTIA
1152 156 1222 182 SIT.
1251 157 1298 184 1V.
1321 156 1353 182 V.
1688 161 1733 197 11

118 255 260 301 hiems,
293 254 407 293 triste
429 252 588 292 caelum
611 253 772 305 premit,
802 251 982 305 maligne
1003 253 1137 293 solum
1161 253 1297 293 sterile
1319 258 1534 301 sustentat,
1557 253 1734 292 imbrem

119 324 257 364 culmo
290 330 360 363 aut
393 323 540 362 fronde
572 323 813 371 defendunt,
845 337 967 375 super
999 324 1145 362 durata
1178 324 1307 374 glacie
1329 331 1479 375 stagna
1500 323 1740 375 persultant,

56 398 92 430 15»
119 396 156 434 in
196 395 438 434 alimentum
481 393 586 433 feras
620 400 800 446 captant.
864 394 997 433 miseri
1031 395 1102 433 tibi
1138 395 1349 434 uidentur?
1413 394 1507 433 nihil
1541 394 1736 432 miserum

54 819 90 852 Ιιῑ

71 1954 90 1983 ῑὶ
118 1946 171 1984 ad
214 1945 473 1998 turpissimos
515 1946 665 1994 defert,
708 1946 760 1985 ab
794 1946 962 1998 optimis
1003 1947 1143 1998 abigit.
1216 1952 1257 1985 at
1289 1947 1472 1998 iniquum
1516 1952 1578 1985 est
1611 1946 1741 1985 uirum
1762 1954 1794 1977 ιδ

118 472 181 505 est
212 466 327 517 quod
360 465 398 503 in
431 470 620 504 naturam
645 465 904 504 consuetudo
927 465 1133 516 perduxit.
1183 464 1380 517 paulatim
1405 465 1513 504 enim
1538 464 1740 516 uoluptati

117 542 211 575 sunt
252 549 358 587 quae
403 536 649 575 necessitate
693 541 931 587 coeperunt.
1011 535 1120 574 nulla
1161 535 1234 574 illis
1278 535 1483 574 domicilia
1525 532 1741 586 nullaeque

117 606 238 645 sedes
270 612 363 645 sunt
415 606 488 644 nisi
521 619 623 657 quas
661 605 862 645 lassitudo
901 606 939 644 in
973 606 1081 644 diem
1115 606 1263 658 posuit.
1326 605 1413 645 uilis
1446 612 1485 645 et
1518 606 1583 644 hic
1615 618 1739 657 quae-

118 677 270 716 rendus
303 689 426 715 manu
460 676 601 723 uictus,
632 677 840 715 horrenda
873 677 1060 727 iniquitas
1093 676 1203 724 caeli,
1236 677 1388 716 intecta
1421 689 1609 728 corpora.
1662 675 1742 715 hoc

117 748 231 799 quod
273 747 345 786 tibi
387 746 599 786 calamitas
642 747 820 791 uidetur,
851 752 928 786 ¹tot
971 747 1157 798 gentium
1192 747 1275 786 uita
1307 753 1379 786 est.
1452 748 1549 799 quid
1584 747 1741 786 miraris

117 819 253 857 bonos
297 818 420 864 uiros,
455 823 498 856 ut
529 817 845 864 confirmentur,
880 817 1070 856 concuti?
1135 831 1217 856 non
1251 824 1313 856 est
1345 818 1470 857 arbor
1501 816 1634 857 solida
1666 830 1742 856 nec

118 887 232 928 fortis
265 888 337 927 nisi
370 889 408 926 in
440 901 566 939 quam
598 887 789 939 frequens
823 888 1190 927 uentusincursat.
1254 889 1343 940 ipsa
1374 888 1483 927 enim
1519 888 1741 927 uexatione

117 959 408 1010 constringitur
449 964 490 996 et
534 958 690 997 radices
735 959 882 997 certius
914 957 1016 1010 figit.
1081 957 1245 1010 fragiles
1277 965 1372 998 sunt
1404 972 1511 1010 quae
1533 959 1572 997 in
1605 959 1741 1010 aprica

118 1028 223 1068 ualle
266 1034 495 1068 creuerunt.
557 1042 633 1079 pro
675 1029 771 1080 ipsis
815 1042 916 1080 ergo
959 1029 1079 1067 bonis
1112 1030 1205 1068 uiris
1239 1035 1322 1077 est,
1368 1035 1411 1068 ut
1444 1042 1534 1070 esse
1573 1028 1741 1068 interriti

117 1100 292 1150 possint,
336 1099 511 1138 multum
554 1099 659 1138 inter
702 1098 977 1138 formidolosa
1020 1100 1171 1139 uersari
1215 1106 1255 1139 et
1298 1113 1433 1151 aequo
1467 1100 1605 1139 animo
1638 1099 1742 1138 ferre

117 1183 224 1222 quae
255 1183 339 1208 non
371 1176 466 1209 sunt
498 1169 607 1208 mala
639 1169 712 1208 nisi
746 1169 853 1208 male
885 1170 1111 1210 sustinenti.

235 1240 286 1280 V.
329 1240 466 1280 Adice
499 1253 624 1288 nunc,
666 1240 780 1292 quod
823 1254 898 1291 pro
941 1241 1134 1280 omnibus
1177 1247 1239 1280 est
1281 1241 1487 1293 optimum
1521 1254 1742 1292 quemque,

118 1318 161 1351 ut
193 1312 248 1351 ita
290 1311 439 1359 dicam,
482 1310 654 1350 militare
698 1318 738 1350 et
771 1312 896 1350 edere
928 1325 1078 1363 operas
1158 1311 1239 1350 hoc
1271 1317 1333 1350 est
1366 1311 1628 1363 propositum
1661 1310 1742 1349 deo

116 1383 231 1434 quod
262 1382 436 1434 sapienti
468 1382 572 1430 uiro,
605 1382 828 1421 ostendere
859 1381 971 1429 haec,
1004 1396 1110 1434 quae
1143 1382 1291 1434 uolgus
1323 1382 1500 1434 adpetit,
1542 1394 1649 1433 quae
1681 1394 1740 1420 re-

117 1452 328 1499 formidat,
372 1465 450 1491 nec
491 1452 606 1492 bona
648 1466 739 1492 esse
781 1465 857 1491 nec
889 1452 1008 1492 mala.
1071 1453 1296 1504 adparebit.
1323 1460 1462 1492 autem
1495 1452 1608 1491 bona
1640 1465 1742 1499 esse,

117 1523 147 1562 si
181 1522 246 1561 illa
278 1536 362 1562 non
393 1523 467 1562 nisi
499 1523 620 1561 bonis
653 1523 746 1562 uiris
778 1523 981 1571 tribuerit,
1015 1529 1056 1563 et
1089 1523 1198 1563 mala
1231 1537 1332 1571 esse,
1366 1523 1397 1562 si
1429 1528 1591 1562 tantum
1626 1521 1742 1561 malis

71 1606 89 1632 2
117 1593 379 1645 inrogauerit.
441 1593 697 1632 detestabilis
740 1594 814 1632 erit
846 1594 1043 1642 caecitas,
1085 1595 1117 1633 si
1159 1607 1284 1633 nemo
1328 1593 1472 1633 oculos
1504 1593 1741 1645 perdiderit,

117 1664 189 1703 nisi
223 1664 286 1702 cui
318 1664 488 1703 eruendi
520 1670 635 1703 sunt:
682 1665 819 1716 itaque
852 1670 1018 1703 careant
1041 1664 1131 1704 luce
1154 1664 1318 1717 Appius
1342 1670 1382 1703 et
1405 1663 1607 1703 Metellus.
1661 1676 1742 1702 non

117 1739 211 1773 sunt
244 1734 410 1773 diuitiae
441 1734 624 1773 bonum:
672 1734 811 1785 itaque
843 1734 995 1773 habeat
1028 1734 1114 1773 illas
1147 1741 1188 1774 et
1211 1734 1324 1773 Elius
1346 1734 1453 1782 leno,
1487 1741 1531 1773 ut
1554 1734 1743 1773 homines

117 1804 352 1857 pecuniam,
396 1817 490 1843 cum
534 1805 572 1843 in
611 1804 776 1857 templis
816 1806 1165 1853 consecrauerint,
1212 1805 1380 1844 uideant
1422 1811 1463 1844 et
1506 1805 1543 1843 in
1576 1804 1741 1843 fornice.

118 1874 229 1913 nullo
272 1875 402 1914 modo
447 1876 579 1927 magis
611 1881 752 1928 potest
785 1877 887 1915 deus
920 1876 1139 1928 concupita
1171 1877 1410 1923 traducere,
1453 1889 1578 1927 quam
1611 1876 1642 1914 si
1675 1874 1742 1914 illa

118 2015 276 2054 bonum
309 2015 510 2055 debilitari
543 2022 612 2056 aut
645 2016 796 2069 configi
828 2024 898 2057 aut
931 2017 1113 2069 adligari,
1147 2017 1280 2056 malos
1309 2017 1476 2068 integris
1500 2016 1743 2069 corporibus

118 2085 278 2125 solutos
310 2100 358 2126 ac
389 2087 590 2126 delicatos
623 2088 824 2127 incedere.
878 2088 975 2140 quid
1009 2087 1165 2140 porro?
1207 2101 1289 2126 non
1313 2093 1375 2127 est
1403 2088 1584 2138 iniquum
1614 2086 1742 2126 fortes

120 2156 228 2196 uiros
270 2170 386 2196 arma
430 2171 594 2197 sumere
627 2163 668 2197 et
700 2159 738 2196 in
772 2159 913 2197 castris
946 2164 1193 2211 pernoctare
1226 2164 1267 2197 et
1299 2171 1376 2209 pro
1408 2157 1517 2197 uallo
1550 2157 1742 2208 obligatis

119 2232 229 2266 stare
261 2227 509 2276 uolneribus,
541 2229 703 2267 interim
737 2228 776 2267 in
809 2228 911 2268 urbe
939 2242 1107 2268 securos
1129 2242 1220 2268 esse
1241 2229 1449 2281 praecisos
1472 2235 1512 2267 et
1535 2227 1743 2280 professos

652 2325 699 2344 ten

127 2356 134 2388 1
166 2357 292 2398 hiemps
390 2357 506 2398 premit
603 2360 700 2387 sustat
797 2358 816 2389 ΣΞ
845 2357 942 2388 nichil
1057 2357 1091 2389 133
1112 2357 1193 2388 serre
1211 2356 1244 2390 in
1265 2367 1350 2399 ras„
1370 2356 1405 2389 ἱη
1431 2366 1544 2401 marq.
1564 2366 1639 2400 rep.
1660 2366 1702 2388 m.
1724 2357 1741 2387 4

246 2415 251 2447 1
267 2415 276 2448 1
301 2416 481 2446 ostenderet
574 2415 685 2456 uulgus
784 2416 906 2457 appetit
998 2415 1033 2447 ΙΝ
1052 2416 1220 2457 apparebit
1240 2426 1283 2449 m.
1300 2426 1369 2460 pr„
1388 2414 1597 2460 compendio
1615 2425 1743 2459 snpra-

1430 2478 1458 2497 te
1479 2472 1495 2497 b

119 2508 256 2553 scre'plo
271 2520 312 2542 m.
326 2507 385 2542 ale.
398 2507 576 2542 indicasse
593 2508 735 2543 uidetur
751 2507 938 2553 leqemlmn
958 2519 1036 2543 esse
1051 2510 1253 2551 apparebunt
1325 2512 1369 2542 *ΒΗ
1388 2509 1552 2540 destauilisv
1626 2509 1744 2540 cecitas

237 2569 280 2600 Ὺ)
308 2572 337 2599 et
363 2568 441 2608 <plius
467 2568 540 2609 leno
567 2568 664 2604 (iente
690 2572 719 2599 et
742 2566 854 2611 fortis
872 2568 1020 2608 rasura)
1117 2567 1160 2601 '35³
1190 2569 1338 2610 atiniqufi
1365 2568 1570 2607 (tem-1:121·
1590 2568 1624 2602 d)

261 2624 279 2649 li

120 2663 163 2694 21⁴·
183 2661 320 2692 debitari
341 2664 393 2698 (ut
413 2659 556 2695 uidetur
574 2672 684 2706 mpr.
705 2661 980 2707 suprascripsit)
1065 2661 1186 2703 configi
1205 2659 1297 2703 cod„
1316 2661 1453 2695 errauit
1473 2660 1617 2694 Fickert
1628 2673 1641 2700 ,·
1667 2672 1743 2692 eon-

1618 2727 1655 2743 .n.

122 2754 214 2795 fringi
238 2753 346 2798 Neap.
374 2757 550 2797 constringi
573 2754 736 2788 Mat-elus
856 2755 899 2788 Ἡ
927 2756 1043 2786 inicum
1072 2755 1103 2789 (c
1130 2754 1165 2788 in
1189 2767 1207 2796 q
1228 2754 1414 2797 mutatum)
1529 2758 1572 2788 ‘3³'
1599 2756 1744 2786 incastris

120 2814 176 2846 (.n.
197 2823 288 2846 man.
309 2815 394 2855 rec.)
517 2816 560 2847 Τ.)
587 2815 744 2851 uulnerib3
868 2815 1030 2856 praecisos
1058 2812 1128 2846 E':
1157 2824 1285 2845 securos
1311 2814 1346 2844 ῦς
1372 2814 1483 2855 phisos
1503 2819 1609 2847 (cm-o<
1627 2815 1666 2843 Ge
1689 2813 1741 2852 pb}

119 2871 153 2903 in
173 2881 258 2911 ras„
290 2873 345 2913 pbi
364 2883 406 2905 m.
429 2879 515 2915 rec.)

1766 895 1794 918 10

1766 1250 1795 1274 15

1763 1602 1795 1625 ’ΖΗ
