1977 3231
70 1789 90 1822 (C

435 129 540 157 DIAL.
555 129 619 156 VII.
659 130 714 155 AD
736 130 969 157 GALLIONEM
992 132 1043 157 DE
1064 132 1157 157 VITA
1177 133 1316 158 BEATA.
1357 135 1381 160 7.
1404 136 1428 161 8.
1662 140 1736 178 161

117 225 272 273 similia,
294 225 424 265 immo
446 225 608 265 diuersa
630 228 889 279 conponitis?
912 227 1039 267 altum
1061 229 1261 281 quiddam
1284 236 1347 269 est
1368 231 1506 279 uirtus,
1529 231 1742 271 excelsum

117 302 158 335 et
180 295 331 348 regale,
353 296 558 344 inuictum,
582 296 859 349 infatigabile:
896 298 1088 351 uoluptas
1111 299 1276 348 humile,
1307 301 1463 348 seruile,
1495 302 1742 347 inbecillum,

117 367 343 414 caducum,
396 367 508 406 cuius
555 369 680 407 statio
732 381 781 407 ac
823 368 1075 408 domicilium
1118 369 1293 410 fornices
1337 378 1377 411 et
1418 373 1598 425 popinae
1638 379 1742 412 sunt.

117 437 312 477 uirtutem
344 437 383 476 in
415 437 575 490 templo
608 439 841 487 conuenies,
874 440 912 478 in
946 438 1050 488 foro,
1082 441 1121 479 in
1150 442 1271 489 curia,
1303 455 1380 493 pro
1404 443 1528 481 muris
1550 449 1744 490 stantem,

116 507 468 560 puluerulentam,
511 508 766 556 coloratam,
799 508 973 549 callosas
1005 509 1232 550 habentem
1265 525 1436 552 manus:
1484 513 1743 565 uoluptatem
1766 531 1780 552 5

116 577 350 618 latitantem
383 579 545 631 saepius
577 593 625 619 ac
657 579 852 619 tenebras
880 586 1119 632 captantem
1150 582 1257 620 circa
1278 582 1440 622 balinea
1462 596 1510 622 ac
1532 585 1744 623 sudatoria

116 662 166 688 ac
196 648 290 688 loca
321 649 498 689 aedilem
523 651 760 701 metuentia,
793 649 976 698 mollem,
1008 664 1216 699 eneruem,
1243 666 1360 692 mero
1383 660 1508 705 atque
1531 660 1744 705 unguento

120 708 385 767 madentem,
437 720 633 771 pallidam
685 727 755 760 aut
806 720 986 760 fucatam
1039 728 1081 761 et
1129 722 1443 762 medicamentis
1492 725 1743 775 pollinctam.

117 803 327 829 summum
361 790 519 830 bonum
553 791 773 831 inmortale
805 797 892 830 est:
939 792 1069 832 nescit
1100 793 1215 832 exire
1246 806 1323 832 nec
1352 795 1586 835 satietatem
1617 795 1744 834 habet

116 875 193 901 nec
233 863 541 914 paenitentiam.
604 876 831 915 numquam
875 864 982 902 enim
1026 870 1139 903 recta
1181 879 1299 904 mens
1342 867 1514 906 uertitur
1555 880 1631 905 nec
1669 866 1744 905 sibi

115 933 215 972 odio
258 938 336 980 est,
380 947 457 972 nec
499 935 720 985 quicquam
768 940 930 973 mutant
962 935 1146 986 optima:
1193 941 1234 974 at
1267 936 1458 988 uoluptas
1490 942 1606 984 tunc,
1650 951 1742 976 cum

116 1004 301 1042 maxime
333 1002 526 1052 delectat,
559 1005 846 1057 extinguitur.'
875 1018 959 1044 non
992 1005 1169 1044 multum
1201 997 1279 1044 loci
1319 1005 1458 1055 habet,
1489 1008 1629 1065 itaque
1662 1009 1743 1046 cito

115 1072 243 1126 inplet
294 1080 335 1113 et
382 1075 524 1114 taedio
567 1080 630 1113 est
675 1080 716 1114 et
756 1082 852 1127 post
895 1074 1074 1128 primum
1116 1076 1302 1128 inpetum
1345 1084 1526 1118 marcet:
1585 1091 1661 1117 nec
1703 1078 1743 1116 id

115 1158 313 1197 umquam
356 1151 514 1185 certum
558 1153 641 1192 est,
685 1147 797 1185 cuius
838 1147 877 1185 in
920 1152 1038 1185 motu
1081 1153 1227 1186 natura
1269 1153 1342 1186 est.
1411 1149 1466 1187 ita
1509 1162 1560 1187 ne
1602 1155 1744 1201 potest

115 1216 284 1268 quidem
326 1215 407 1255 ulla
446 1217 530 1255 eius
565 1229 656 1256 esse
688 1217 940 1265 substantia,
981 1218 1097 1270 quod
1130 1218 1240 1257 uenit
1272 1219 1500 1270 transitque
1532 1218 1744 1259 celerrime
1782 1235 1796 1257 1⁷)

114 1286 154 1325 in
184 1289 276 1339 ipso
309 1301 383 1326 usu
414 1287 474 1326 sui
506 1287 743 1340 periturum.
806 1301 857 1326 eo
890 1288 998 1327 enim
1031 1288 1216 1341 peruenit
1248 1288 1317 1327 ubi
1352 1290 1529 1336 desinat,
1569 1296 1610 1329 et
1642 1291 1742 1328 dum

114 1358 265 1411 incipit,
297 1364 459 1410 spectat
491 1358 545 1398 ad
577 1357 714 1398 finem.
1571 1411 1573 1413 ι

233 1428 345 1470 VIII.
399 1428 534 1481 Quid,
576 1429 692 1480 quod
723 1434 811 1468 tam
844 1429 964 1468 bonis
996 1443 1120 1482 quam
1155 1430 1273 1470 malis
1306 1430 1500 1483 uoluptas
1532 1431 1637 1471 inest
1669 1444 1744 1470 nec

117 1500 250 1538 minus
300 1506 441 1552 turpes
493 1500 675 1539 dedecus
722 1513 841 1539 suum
884 1514 1010 1552 quam
1052 1500 1253 1540 honestos
1296 1502 1465 1553 egregia
1508 1501 1742 1541 delectant?

116 1571 295 1622 ideoque
326 1576 628 1622 praeceperunt
661 1576 821 1610 ueteres
853 1572 1058 1623 optimam
1091 1573 1207 1624 sequi
1239 1573 1384 1619 uitam,
1422 1586 1506 1611 non
1539 1574 1742 1611 iucundis-

116 1641 287 1689 simam,
320 1647 364 1680 ut
397 1647 535 1680 rectae
567 1655 615 1680 ac
646 1641 785 1681 bonae
824 1641 1049 1681 uoluntatis
1081 1656 1165 1682 non
1198 1643 1308 1691 dux,
1351 1644 1426 1682 sed
1459 1657 1602 1682 comes
1635 1650 1744 1682 esset

117 1711 320 1764 uoluptas.
383 1718 530 1751 natura
574 1711 683 1750 enim
727 1713 832 1751 duce
874 1714 1074 1752 utendum
1114 1720 1189 1753 est.
1250 1714 1358 1753 hanc
1399 1715 1502 1753 ratio
1536 1714 1744 1760 obseruat,

115 1781 224 1821 hanc
261 1782 447 1822 consulit.
508 1783 619 1821 idem
652 1789 715 1822 est
747 1795 849 1834 ergo
882 1783 1006 1823 beate
1039 1784 1177 1823 uiuere
1209 1790 1251 1824 et
1281 1785 1509 1824 secundum
1542 1791 1743 1823 naturam.

115 1853 198 1892 hoc
229 1853 328 1905 quid
360 1853 422 1901 sit,
454 1854 534 1892 iam
567 1854 776 1906 aperiam:
813 1854 845 1893 si
877 1855 1062 1906 corporis
1095 1855 1217 1894 dotes
1251 1860 1292 1894 et
1323 1862 1421 1908 apta
1453 1861 1623 1895 naturae
1645 1868 1742 1894 con-

116 1924 363 1963 seruarimus
397 1923 615 1976 diligenter
647 1930 688 1963 et
719 1924 913 1976 inpauide
943 1930 1159 1977 tamquam
1189 1925 1228 1964 in
1257 1926 1367 1965 diem
1392 1927 1489 1965 data
1511 1932 1551 1965 et
1576 1925 1745 1977 fugacia,
1764 1940 1798 1963 ιε»

124 2112 133 2143 l
158 2112 358 2153 componitis
456 2111 475 2141 ἴ)
495 2112 638 2152 gallosas
657 2110 874 2146 deteriores:
903 2112 1007 2154 gallas
1105 2112 1125 2145 6
1143 2114 1248 2154 sepius
1345 2113 1474 2144 balinea
1494 2114 1519 2155 (i
1538 2114 1658 2154 erasa)

181 2177 200 2194 1.
216 2168 326 2194 tedium
1514 2178 1546 2194 -1·
1562 2171 1578 2195 ᾖ
1617 2169 1686 2195 atii*

120 2204 140 2237 9
168 2207 348 2237 satietatem
377 2205 575 2250 (suprascr.
602 2214 646 2237 m.
674 2206 759 2247 rec.)
882 2205 926 2240 10
952 2217 1011 2238 nec
1038 2207 1271 2248 poenitentiam
1299 2205 1433 2251 Neap.:
1471 2218 1529 2238 nec
1556 2179 1744 2248 paliientiam

119 2263 321 2308 (suprascr.
346 2274 390 2296 m.
409 2264 496 2305 rec.)
613 2265 653 2298 11
682 2266 818 2296 mutauit
836 2267 961 2307 optima
980 2263 1058 2299 cod.
1076 2269 1200 2297 mutant
1218 2266 1343 2307 optima
1362 2263 1474 2305 Koch,
1501 2265 1550 2299 ita
1569 2271 1605 2299 ul
1624 2270 1745 2297 mutant

118 2321 213 2356 idem
248 2322 423 2367 Siqm'ficet
457 2322 557 2368 quod
591 2327 752 2355 mutantur
790 2323 853 2367 (cf
885 2326 942 2364 15,
971 2326 989 2356 2
1017 2336 1076 2356 nec
1102 2325 1289 2366 malignitas
1315 2335 1368 2356 me
1394 2326 1453 2356 ista
1482 2352 1515 2359 ,,
1538 2353 1545 2360 ,
1573 2326 1744 2357 deterrebit

117 2383 158 2412 ab
186 2383 335 2423 optimis3
374 2381 418 2416 de
444 2381 521 2416 ben.
549 2384 580 2423 6,
608 2384 663 2422 23,
692 2384 710 2415 2
738 2384 780 2414 ab
807 2384 939 2425 optimis
966 2384 1136 2420 aberrare;
1174 2382 1219 2417 de
1245 2382 1321 2417 ben.
1350 2386 1381 2423 7,
1413 2386 1473 2423 19,
1502 2385 1520 2416 5
1548 2385 1579 2415 in
1606 2385 1744 2426 pessima

117 2441 160 2471 ab
187 2442 319 2482 optimis
345 2442 474 2485 lapsu83
505 2440 620 2484 Quint.
642 2444 660 2476 8
680 2453 844 2487 prooem.
866 2444 902 2475 21
935 2443 1061 2484 optima
1088 2444 1181 2474 rebus
1208 2443 1402 2479 cohaerent;
1434 2444 1487 2486 12,
1507 2444 1538 2481 2,
1559 2444 1601 2475 22
1620 2444 1744 2484 optima

116 2501 324 2540 nescientis);
361 2505 464 2532 mutat
498 2512 516 2532 a
551 2502 603 2533 uia
638 2503 763 2543 optima
789 2499 960 2545 Madm'q,
995 2505 1097 2532 mutat
1122 2506 1154 2533 ut
1188 2503 1313 2544 optima
1342 2500 1467 2541 Gertz,
1503 2502 1637 2533 mutauit
1671 2502 1745 2543 quia

116 2569 243 2600 semper
268 2571 394 2601 semper
421 2565 529 2591 secuta
556 2565 602 2592 est
628 2562 750 2602 optima
776 2559 820 2601 E,
846 2561 980 2592 mutauit
1006 2561 1081 2602 quia
1107 2571 1233 2602 semper
1259 2565 1391 2602 sequuta
1416 2567 1461 2592 est
1488 2561 1612 2602 optima
1633 2559 1744 2603 Neap.

239 2617 277 2651 13
314 2619 400 2650 tedio
522 2620 649 2661 impeti-1
798 2619 839 2652 14
872 2621 1009 2651 immotu'
1154 2619 1196 2652 'lsi
1232 2620 1406 2661 transitque
1435 2617 1563 2653 Gertz:
1594 2619 1745 2650 transitue

262 2676 303 2709 '16
331 2678 477 2719 peruenit
505 2687 581 2711 cum
608 2676 798 2722 Madm'qz‘o
824 2683 857 2711 e!
885 2676 1030 2711 Gerlzio
1056 2677 1132 2722 ipse
1157 2687 1297 2722 quoque
1317 2688 1390 2722 pro
1417 2682 1587 2722 corrupto
1613 2675 1743 2717 habeo,

117 2734 319 2769 emendalio
346 2736 484 2769 incerla
511 2742 574 2770 est.
629 2736 687 2771 ille
709 2737 902 2782 proposuit
928 2737 1044 2779 pergit,
1070 2735 1127 2770 laic
1152 2737 1295 2778 prorum
1328 2733 1493 2779 sortasse
1517 2734 1744 2770 scribendam

117 2797 169 2827 est
195 2796 362 2836 peruenire
387 2796 451 2826 uult
573 2795 619 2829 :20
646 2797 883 2828 iocundissima
910 2801 943 2838 (o
969 2805 1064 2830 corr.
1092 2805 1142 2829 ea?
1167 2794 1199 2835 u)
1320 2795 1358 2828 ‘21
1391 2799 1476 2827 recte
1502 2806 1539 2826 ae
1565 2795 1652 2826 bone

116 2857 196 2884 esset
225 2852 351 2886 Gertz:
381 2854 419 2884 sit
540 2853 581 2887 24
619 2856 874 2886 conseruarimus
904 2852 1031 2887 Gertz:
1061 2854 1326 2885 conseruabiiuus
1447 2854 1490 2887 ⁴25
1525 2855 1603 2885 <latii

1415 2912 1450 2945 ‘ll

1769 881 1797 905 Η)

1763 1585 1797 1610 20

1771 1939 1778 1954 )
