2008 3221
249 128 327 165 150
537 119 640 146 DlAL.
663 118 712 145 v1.
752 117 806 142 AD
828 117 1016 143 MARCIAM
1040 115 1091 140 DE
1112 114 1435 142 CONSOLATIONE.
1473 114 1518 141 23.
1539 114 1583 140 21.

244 218 344 258 illud
389 216 568 256 obsoleti
611 214 793 266 inlitique
827 213 978 252 eluunt.
1042 225 1118 250 nec
1151 225 1349 264 umquam
1383 210 1545 262 magnis
1578 209 1749 262 ingeniis
1782 223 1877 249 cara
1901 214 1921 248 ‘2

201 864 229 889 10

245 292 285 329 in
328 300 504 340 corpore
546 299 665 326 mora
707 290 781 341 est.
845 284 957 323 exire
990 288 1114 334 atque
1147 296 1366 335 erumpere
1398 282 1601 334 gestiunt,
1646 293 1770 332 aegre
1801 279 1876 319 has

246 358 456 411 angustias
479 356 626 404 ferunt,
661 356 755 407 uagi
777 368 850 408 per
873 367 1010 401 omne,
1044 353 1242 393 sublimes
1266 359 1307 393 et
1329 367 1384 392 ex
1406 352 1491 391 alto
1514 351 1673 391 adsueti
1695 350 1878 390 humana

247 430 483 482 despicere:
528 427 624 466 inde
657 432 720 465 est
752 426 866 477 quod
899 424 1048 464 Platon
1081 424 1253 471 clamat,
1296 423 1492 475 sapientis
1524 424 1707 462 animum
1740 427 1877 461 totum

245 502 285 540 in
319 505 499 539 mortem
532 497 778 550 prominere,
810 496 892 535 hoc
914 494 1029 543 uelle,
1063 495 1146 534 hoc
1168 493 1368 541 meditari,
1401 493 1478 533 hac
1500 506 1666 546 semper
1688 492 1879 544 cupidine

248 571 339 612 ferri
371 570 411 608 in
445 569 654 608 exteriora
686 566 942 606 tendentem.
985 566 1083 617 quid
1117 572 1172 614 tu,
1205 564 1374 612 Marcia,
1407 577 1501 603 cum
1524 563 1686 602 uideres
1707 561 1878 602 senilem
1905 566 1924 600 3

247 643 285 681 in
328 641 474 680 iuuene
516 638 803 692 prudentiam,
857 637 1058 676 uictorem
1113 636 1300 675 omnium
1355 634 1630 687 uoluptatium
1683 633 1878 679 animum,

249 712 541 758 emendatum,
585 714 796 748 carentem
845 707 964 755 uitio,
1008 707 1170 746 diuitias
1211 708 1299 746 sine
1341 705 1530 752 auaritia,
1571 704 1752 744 honores
1795 703 1881 742 sine

248 783 500 830 ambitione,
543 780 781 832 uoluptates
823 779 908 818 sine
950 777 1112 817 luxuria
1153 778 1447 830 adpetentem,
1491 776 1559 815 diu
1597 775 1671 814 tibi
1702 774 1881 827 putabas

249 854 361 894 illum
404 853 606 905 sospitem
638 863 764 903 posse
797 849 1065 901 contingere?
1119 848 1319 901 quidquid
1352 848 1407 886 ad
1438 859 1649 886 summum
1681 845 1882 898 peruenit,

250 927 304 965 ad
338 925 497 964 exitum
531 926 740 976 properat.
805 920 923 973 eripit
954 933 999 960 se
1031 919 1246 971 aufertque
1278 932 1333 958 ex
1366 916 1494 958 oculis
1526 916 1712 970 perfecta
1743 917 1880 963 uirtus,

250 1010 326 1035 nec
359 994 550 1034 ultimum
584 999 751 1045 tempus
785 996 1012 1044 expectant
1043 1004 1150 1043 quae
1183 991 1222 1029 in
1253 989 1389 1042 primo
1420 994 1716 1028 maturuerunt.
1778 988 1882 1040 ignis
1908 990 1928 1023 4

251 1081 334 1119 quo
379 1065 524 1105 clarior
557 1064 685 1111 fulsit,
729 1064 845 1102 citius
879 1062 1142 1114 extinguitur.
1207 1061 1387 1100 uiuacior
1419 1066 1503 1107 est,
1545 1059 1613 1111 qui
1645 1072 1740 1098 curn
1771 1057 1883 1097 lenta

252 1152 299 1178 ac
333 1136 482 1177 difficili
516 1135 689 1174 materia
721 1134 968 1173 commissus
1001 1132 1200 1184 fumoque
1234 1132 1449 1171 demersus
1483 1144 1537 1169 ex
1569 1129 1742 1169 sordido
1763 1128 1883 1168 lucet.

217 1210 401 1248 :weadem
445 1207 553 1246 enim
597 1206 755 1245 detinet
797 1218 942 1252 causa,
983 1217 1088 1255 quae
1132 1202 1312 1254 maligne
1355 1201 1449 1241 alit:
1495 1201 1553 1240 sic
1594 1201 1758 1253 ingenia
1798 1214 1883 1253 quo

252 1279 506 1325 inlustriora,
558 1277 751 1316 breuiora
802 1283 908 1315 sunt.
977 1288 1073 1313 nam
1117 1274 1184 1313 ubi
1227 1275 1483 1312 incremento
1525 1271 1641 1311 locus
1683 1285 1767 1310 non
1809 1277 1883 1318 est,

252 1351 406 1389 uicinus
439 1361 611 1388 occasus
645 1354 717 1386 est.
772 1346 981 1385 Fabianus
1015 1345 1080 1393 ait,
1111 1345 1153 1384 id
1186 1345 1300 1396 quod
1333 1343 1462 1382 nostri
1494 1356 1663 1395 quoque
1691 1348 1884 1394 parentes
1912 1347 1931 1380 5

252 1421 404 1468 uidere,
437 1432 610 1472 puerum
643 1419 808 1457 Romae
841 1417 963 1456 fuisse
986 1422 1145 1455 statura
1168 1415 1334 1466 ingenti,
1369 1414 1440 1453 uiri
1463 1412 1748 1454 antecellente.
1810 1413 1886 1452 sed

254 1493 317 1531 hic
358 1492 440 1530 cito
483 1490 680 1536 decessit,
725 1494 765 1528 et
809 1488 1054 1527 moriturum
1097 1486 1212 1525 breui
1256 1498 1381 1524 nemo
1424 1498 1507 1524 non
1548 1484 1730 1537 prudens
1769 1484 1886 1525 dixit.

201 1573 215 1597 2
256 1577 338 1602 non
382 1567 548 1614 poterat
581 1561 690 1600 enim
724 1560 776 1599 ad
809 1558 919 1598 illam
952 1564 1134 1597 aetatem
1167 1556 1402 1609 peruenire,
1445 1569 1571 1608 quarn
1603 1561 1886 1608 praeceperat.

256 1635 311 1673 ita
353 1639 441 1672 est:
488 1632 682 1671 indicium
725 1636 789 1669 es!
827 1629 1061 1669 inminentis
1105 1628 1218 1668 exitii
1251 1628 1375 1666 nimia
1407 1628 1622 1666 maturitas
1655 1632 1694 1665 et
1728 1626 1887 1679 adpetit

257 1705 345 1744 sinis
379 1704 448 1743 ubi
481 1704 737 1742 incrementa
769 1707 1019 1753 consumpta
1050 1705 1155 1739 sunt.

375 1774 533 1814 XXIV.
586 1774 724 1826 Incipe
757 1771 976 1811 uirtutibus
1008 1770 1133 1817 illum,
1166 1783 1250 1809 non
1279 1770 1393 1808 annis
1416 1769 1660 1808 aestimare:
1697 1767 1795 1807 satis
1819 1768 1887 1807 diu
1920 1772 1928 1803 l

258 1847 369 1886 uixit.
415 1844 591 1898 pupillus
615 1844 777 1883 relictus
800 1843 877 1882 sub
899 1849 1085 1882 tutorum
1111 1854 1208 1880 cura
1230 1853 1360 1892 usque
1383 1840 1436 1879 ad
1458 1845 1653 1891 quartum
1678 1839 1887 1878 decimum

204 1929 238 1952 ’5
259 1930 412 1957 annum
445 1915 529 1964 fuit,
561 1915 638 1955 sub
672 1914 814 1954 matris
845 1913 975 1953 tutela
1006 1925 1185 1964 semper.
1240 1924 1334 1950 cum
1368 1910 1542 1950 haberet
1573 1924 1672 1949 suos
1704 1915 1888 1963 penates,

259 1989 487 2039 relinquere
519 1992 613 2026 tuos
647 1985 775 2025 noluit
798 1991 839 2024 et
861 1985 899 2024 in
924 1991 1114 2024 materno
1139 1982 1426 2030 contubernio,
1459 1996 1553 2022 cum
1577 1982 1646 2020 uix
1668 1987 1888 2034 paternum

259 2059 373 2099 liberi
407 2057 547 2106 ferant,
582 2057 872 2110 perseuerauit.
926 2055 1169 2094 adulescens
1201 2059 1369 2101 statura,
1402 2052 1716 2106 pulchritudine,
1749 2056 1889 2090 cetero

261 2129 447 2182 corporis
480 2128 633 2168 robore
667 2128 809 2167 castris
842 2132 961 2165 natus
996 2125 1180 2165 militiam
1215 2125 1428 2172 recusauit,
1461 2138 1513 2163 ne
1536 2137 1559 2162 a
1581 2129 1622 2162 te
1646 2123 1889 2162 discederet.

1074 2299 1091 2312 ·
1246 2303 1261 2319 e

268 2336 277 2367 1
310 2335 415 2365 cluunt
445 2333 666 2366 (irmenm'usz
697 2335 793 2364 fluunt
915 2334 934 2364 ζ)
962 2342 1037 2372 egre
1150 2330 1166 2362 -i
1198 2331 1279 2361 indst
1395 2330 1414 2362 ἷζ)
1442 2330 1472 2360 in
1500 2335 1637 2360 mortem
1666 2327 1887 2362 deteriores:

694 2402 707 2415 t
1720 2394 1726 2409 Ι

263 2431 293 2460 in
322 2434 423 2460 morte
561 2430 579 2457 13
607 2429 724 2459 uideris
843 2426 875 2459 11
909 2430 1061 2468 properat
1087 2423 1273 2458 filarelus:
1304 2434 1406 2465 prope
1432 2428 1477 2455 est
1616 2423 1649 2455 1:⁷3
1678 2423 1757 2453 citus

271 2511 306 2544 li
332 2522 369 2542 ex
395 2497 527 2541 ὃ()ι·(11ι10
643 2511 680 2543 18
708 2510 827 2551 ingenti
847 2510 905 2540 uiri
924 2508 1134 2540 antecellente
1155 2506 1260 2540 Gertz
1282 2506 1375 2547 (licet
1394 2505 1498 2539 eliam
1519 2504 1682 2538 conicere
1699 2504 1888 2545 aequante):

1698 2567 1726 2586 ct

266 2606 402 2647 ingentis
429 2606 486 2636 uiri
514 2609 586 2636 ante
734 2604 773 2637 111
809 2609 839 2635 et
867 2604 1054 2634 moriturum
1090 2602 1180 2633 breui
1216 2612 1311 2632 nemo
1347 2612 1410 2631 non
1446 2600 1585 2642 prudens
1612 2597 1686 2632 E¹:
1732 2598 1892 2630 moritursl

265 2665 355 2695 breui
382 2675 478 2695 nemo
507 2664 643 2704 prudens
781 2665 826 2696 ’,Μ-1
858 2666 1044 2704 preceperat
1183 2660 1223 2693 L'l
1254 2661 1297 2691 ita
1324 2664 1386 2691 est:
1418 2660 1571 2690 indicium
1600 2664 1645 2689 est
1672 2655 1889 2690 Pl'ncianlcs:

266 2725 309 2754 ita
337 2728 381 2754 est
409 2723 562 2754 indictum
677 2723 777 2753 nimia
805 2722 971 2752 maturitas
998 2719 1077 2754 cod.
1105 2720 1270 2751 maturitas
1297 2717 1405 2763 nul-qo
1518 2718 1639 2759 appetit
1754 2715 1797 2749 22
1821 2725 1891 2760 pro

266 2785 459 2822 consumpta
494 2780 592 2814 mali(
621 2780 726 2814 Gertz
755 2784 980 2811 consummata
1126 2777 1166 2811 ⁴2⁴1
1196 2782 1342 2820 quartum
1372 2776 1588 2811 deteriores:
1618 2780 1748 2817 quatum

266 2846 309 2880 2ss
337 2852 439 2877 mater
465 2842 528 2892 non
