1977 3231
76 819 96 852 10

365 150 468 176 DlAL.
490 149 542 177 IX.
580 149 636 174 AD
658 148 845 174 SERENVM
866 147 919 173 DE
938 146 1291 180 'rRANQVILLlTATE
1311 146 1441 173 ANIMI.
1479 146 1504 172 3.
1664 149 1742 188 199

124 246 371 299 reipublicae
419 246 668 285 tractatione
716 252 758 285 et
806 244 950 284 officiis
992 243 1175 283 ciuilibus
1217 256 1262 282 se
1303 243 1499 282 detinere.
1561 255 1658 280 nam
1701 247 1745 280 ut

123 318 293 369 quidam
335 315 424 355 sole
466 322 591 368 atque
635 317 934 355 exercitatione
976 320 1018 354 et
1061 327 1158 353 cura
1207 314 1391 366 corporis
1436 313 1548 352 diem
1591 312 1747 351 ducunt

124 387 372 438 athletisque
414 386 539 438 longe
581 386 840 426 utilissimum
884 390 947 424 est
987 384 1166 423 lacertos
1204 397 1303 422 suos
1336 383 1565 435 roburque,
1609 383 1671 421 cui
1703 395 1748 420 se

125 459 191 497 uni
233 458 493 504 dicauerunt,
537 458 694 496 maiore
725 456 926 509 temporis
958 460 1077 508 parte
1109 454 1282 493 nutrire:
1325 455 1381 492 ita
1413 453 1532 492 uobis
1565 453 1747 492 animum

123 529 178 568 ad
219 541 357 567 rerum
390 527 567 567 ciuilium
601 533 813 567 certamen
845 525 1086 579 parantibus
1119 525 1160 563 in
1193 537 1319 575 opere
1351 536 1441 562 esse
1477 523 1587 574 [nonl
1623 522 1748 574 longe
1767 534 1782 557 5

122 597 445 650 pulcherrimum
479 604 552 637 est.
605 610 701 636 nam
735 610 828 636 cum
862 595 1004 636 utilem
1037 608 1081 633 se
1113 593 1276 633 efficere
1305 593 1459 632 ciuibus
1483 593 1746 633 mortalibus-

123 681 204 721 que
246 669 509 721 propositum
551 667 726 715 habeat,
770 665 890 706 simul
933 672 974 704 et
1016 670 1237 703 exercetur
1280 669 1321 703 et
1364 663 1549 715 proficit,
1598 664 1666 715 qui
1708 664 1748 702 in

124 739 272 778 mediis
314 752 359 778 se
401 738 544 777 officiis
587 739 726 790 posuit
769 736 1010 776 communia
1051 736 1296 786 priuataque
1337 747 1413 786 pro
1448 732 1643 773 facultate
1676 734 1747 773 ad-

124 812 368 849 ministrans.
411 809 485 848 sed
517 810 613 860 quia
645 809 685 846 in
708 806 797 854 hac,
831 807 973 858 inquit,
1005 812 1093 845 tam
1116 805 1259 844 insana
1281 803 1499 843 hominum
1522 804 1750 843 ambitione

123 887 187 920 tot
220 878 586 919 calumniatoribus
618 879 656 917 in
688 879 869 918 deterius
902 883 1016 916 recta
1047 874 1338 927 torquentibus
1370 888 1516 928 parum
1538 880 1630 914 tuta
1651 875 1748 913 sim-
1774 864 1803 909 ui

122 950 281 1003 plicitas
323 956 387 989 est
419 956 461 989 et
492 948 583 1001 plus
614 948 796 988 futurum
828 960 994 1000 semper
1026 952 1090 986 est
1131 946 1247 998 quod
1289 945 1431 984 obstet
1476 958 1602 997 quam
1635 945 1751 996 quod

122 1022 340 1068 succedat,
382 1034 407 1060 a
448 1020 539 1059 foro
583 1021 752 1072 quidem
791 1024 834 1058 et
865 1017 1032 1070 publico
1065 1017 1346 1056 recedendum
1379 1022 1462 1064 est,
1486 1017 1579 1074 ’sed
1611 1015 1750 1062 habet,

123 1091 192 1131 ubi
233 1105 278 1130 se
319 1093 444 1130 etiam
487 1092 526 1130 in
567 1092 731 1143 priuato
773 1089 868 1129 laxe
911 1087 1094 1140 explicet
1137 1099 1329 1138 magnus>
1357 1089 1530 1127 animus.
1593 1099 1670 1125 nec
1707 1092 1752 1125 ut

122 1161 290 1201 leonum
322 1161 643 1213 animaliumque
675 1162 839 1212 inpetus
872 1160 1007 1199 caueis
1039 1164 1265 1205 coercetur,
1298 1159 1355 1197 sic
1386 1157 1617 1204 hominum,
1649 1169 1749 1208 quo-

122 1246 213 1271 rum
256 1234 467 1271 maximae
508 1233 548 1271 in
580 1232 755 1270 seducto
788 1232 972 1270 actiones
1005 1235 1112 1269 sunt.
1174 1230 1231 1268 ita
1262 1234 1404 1268 tamen
1437 1227 1665 1275 delituerit,
1708 1232 1752 1265 ut
1776 1237 1804 1261 15

121 1302 372 1354 ubicumque
413 1303 546 1341 otium
589 1314 709 1340 suum
753 1301 1044 1347 absconderit,
1086 1299 1289 1351 prodesse
1330 1297 1428 1338 uelit
1466 1297 1634 1350 singulis
1667 1298 1751 1336 uni-

121 1373 332 1424 uersisque
373 1372 561 1424 ingenio,
605 1385 729 1420 uoce,
774 1370 957 1410 consilio.
1020 1383 1097 1409 nec
1140 1370 1248 1408 enim
1293 1370 1325 1408 is
1357 1367 1469 1408 solus
1503 1368 1754 1420 reipublicae

121 1444 315 1496 prodest,
355 1444 424 1496 qui
458 1443 707 1482 candidatos
740 1441 923 1482 extrahit
956 1447 999 1480 et
1030 1446 1169 1480 tuetur
1201 1453 1295 1479 reos
1328 1445 1370 1478 et
1402 1439 1454 1478 de
1487 1452 1595 1493 pace·
1622 1438 1750 1477 bello-

121 1527 202 1565 que
234 1520 388 1561 censet,
420 1515 495 1553 sed
528 1515 596 1565 qui
628 1514 886 1552 iuuentutem
920 1511 1189 1558 exhortatur,
1222 1511 1292 1562 qui
1323 1511 1362 1549 in
1394 1515 1512 1550 tanta
1543 1509 1752 1548 bonorum

121 1590 442 1636 praeceptorum
484 1585 622 1636 inopia
663 1583 857 1622 uirtutem
899 1581 1069 1621 instillat
1110 1582 1277 1628 animis,
1320 1581 1388 1632 qui
1429 1580 1484 1619 ad
1525 1580 1742 1632 pecuniam
1763 1587 1796 1612 20

121 1653 411 1705 luxuriamque
452 1667 572 1693 cursu
614 1654 769 1693 ruentis
811 1659 980 1705 prensat
1022 1665 1070 1692 ac
1111 1646 1284 1691 retrahit
1326 1658 1389 1700 et,
1434 1652 1466 1689 si
1499 1649 1596 1689 nihil
1633 1649 1753 1689 aliud,

123 1730 236 1763 certe
280 1730 488 1772 moratur,
530 1725 570 1763 in
612 1725 776 1775 priuato
818 1722 1030 1775 publicum
1073 1723 1290 1773 negotium
1324 1723 1420 1773 agit.
1483 1719 1631 1759 anille
1662 1719 1754 1771 plus

122 1801 320 1847 praestat,
351 1796 420 1847 qui
452 1797 556 1834 inter
588 1795 830 1846 peregrinos
863 1799 905 1833 et
937 1794 1046 1832 ciues
1079 1798 1151 1832 aut
1184 1792 1363 1831 urbanus
1395 1797 1565 1843 praetor
1597 1791 1751 1829 adeun-

123 1864 233 1904 tibus
265 1866 494 1905 adsessoris
526 1864 655 1904 uerba
685 1865 952 1916 pronuntiat,
984 1876 1110 1915 quam
1143 1863 1213 1914 qui
1245 1863 1346 1914 quid
1377 1864 1429 1901 sit
1461 1862 1622 1908 iustitia,
1654 1860 1754 1912 quid

124 1937 270 1988 pietas,
301 1937 399 1988 quid
431 1937 643 1988 patientia,
675 1934 773 1987 quid
803 1933 1018 1982 fortitudo,
1051 1934 1149 1985 quid
1174 1934 1320 1972 mortis
1344 1937 1624 1984 contemptus,
1657 1931 1756 1982 quid
1775 1938 1807 1963 25

125 2006 301 2045 deorum
344 2006 595 2053 intellectus,
646 2012 849 2058 quantum
893 2006 1171 2056 gratuitorum
1212 2003 1423 2042 bonorum
1465 2004 1518 2042 sit
1559 2001 1602 2040 in
1645 2002 1757 2040 bona

80 2086 100 2120 5
127 2078 406 2117 conscientia?
450 2090 551 2129 ergo
594 2078 627 2116 si
657 2082 825 2128 tempus
866 2076 905 2114 in
937 2076 1073 2116 studia
1105 2073 1315 2122 conferas,
1359 2073 1475 2126 quod
1507 2072 1755 2112 subduxeris

130 2251 144 2283 1
177 2241 285 2284 rei-[3.
416 2251 435 2283 2
469 2252 588 2283 ducunt
613 2249 798 2285 Muretus:
828 2251 967 2283 educunt
993 2248 1084 2287 cod„
1112 2247 1161 2282 ad
1186 2247 1286 2293 quod
1311 2245 1576 2291 defendendwn
1604 2245 1669 2279 uice
1695 2244 1757 2278 ad-

127 2307 251 2343 hihere
275 2308 354 2343 licet
382 2308 426 2343 dc
452 2308 548 2345 bren.
575 2309 724 2349 ue't‚'1,*2
752 2314 784 2341 ut
810 2310 907 2351 quina
933 2313 985 2340 aut
1014 2309 1097 2339 dena
1123 2307 1251 2338 saecula
1279 2307 1451 2338 educerent
1574 2304 1593 2337 3
1621 2305 1755 2345 roborq;

1060 2370 1071 2390 t
1441 2379 1444 2382 .

249 2404 268 2437 ἴ)
297 2403 389 2446 [non]
417 2403 513 2444 longe
540 2401 614 2436 El:
644 2414 707 2434 non
736 2404 832 2444 longe
945 2401 964 2435 9
992 2402 1071 2443 inqd
1196 2400 1235 2433 14
1262 2401 1399 2441 impetus
1532 2398 1570 2431 15
1597 2398 1759 2428 maximae

128 2473 293 2519 Lipsius:
324 2475 464 2505 maxime
614 2473 653 2506 17
690 2463 799 2506 rei-F.
944 2472 988 2505 *20
1024 2472 1157 2503 instillat
1182 2469 1324 2504 Haase:
1354 2470 1496 2501 instituat
1636 2468 1758 2498 animus

131 2531 197 2567 Sed
214 2542 308 2567 corr.
335 2534 360 2564 is
481 2531 523 2564 21
552 2543 643 2563 cursu
670 2530 890 2565 delere'ores:
920 2535 1016 2563 cursU
1130 2530 1173 2563 23
1201 2530 1340 2560 urbanus
1368 2526 1588 2562 deteriores:
1618 2526 1759 2557 urbanos

1159 2595 1173 2611 C

248 2631 356 2667 pretor
478 2625 521 2659 24
548 2636 645 2667 quam
672 2626 725 2667 qui
751 2626 828 2666 quid
847 2623 929 2658 ole'm
950 2634 1066 2658 corr.:
1096 2624 1241 2665 nfiqquid
1364 2620 1407 2654 26
1435 2624 1559 2663 quanti-1
1585 2619 1759 2660 gratuiton.

131 2686 270 2717 homini-1
297 2685 337 2716 sit
363 2686 450 2716 bona
477 2683 555 2719 cod.
583 2693 735 2726 quantum
762 2685 975 2724 gratuitorum
1003 2684 1163 2713 bonorum
1190 2683 1227 2712 sit
1256 2682 1285 2712 in
1321 2681 1408 2712 bona
1435 2677 1552 2721 Koch,
1588 2675 1683 2720 conf.
1711 2674 1761 2708 ad

132 2742 299 2777 Heluium.
326 2748 474 2777 matrem
494 2746 524 2782 5,
546 2745 564 2775 6
592 2744 624 2773 in
650 2743 711 2773 illis
738 2752 820 2784 quae
845 2752 958 2773 omnes
984 2746 1097 2782 optant
1124 2740 1302 2771 existimaui
1329 2749 1456 2780 semper
1482 2737 1562 2768 nihil
1588 2736 1653 2766 ueri
1680 2734 1758 2765 boni

133 2803 255 2835 inesse:
297 2811 376 2847 epp.
403 2805 458 2841 44,
489 2804 501 2834 1
540 2803 566 2833 si
592 2801 670 2843 quid
696 2805 741 2833 est
768 2801 856 2832 aliud
883 2802 914 2831 in
940 2800 1151 2841 philosophia
1177 2799 1275 2831 boni:
1314 2795 1384 2832 Cic.
1413 2795 1515 2830 Tusc.
1548 2798 1574 2834 1,
1603 2795 1644 2826 73
1681 2792 1758 2835 quid

135 2861 166 2893 in
193 2865 297 2892 morte
324 2861 402 2892 boni
428 2861 476 2893 sit.
535 2864 688 2903 quantum
714 2860 855 2901 gratuito
881 2860 1003 2890 bonum
1029 2859 1068 2889 sil
1093 2858 1180 2888 bona
1206 2854 1356 2900 llladm'q
