2008 3221
233 109 316 148 230
517 103 619 129 DIAL.
635 103 672 128 X.
708 102 766 127 AD
788 101 990 126 PAVLINVM
1014 100 1066 125 DE
1086 100 1310 125 BREvlTATE
1330 100 1459 126 VITAE.
1499 100 1524 126 8.
1545 102 1571 127 9.

232 209 375 256 posset
417 199 777 252 quemadmodum
815 197 1133 250 praeteritorum
1178 210 1381 235 annorum
1408 197 1620 248 cuiusque
1661 210 1858 236 numerus

232 273 421 326 proponi,
454 272 510 310 sic
543 270 799 309 futurorum:
836 269 1055 320 quomodo
1089 267 1163 314 illi,
1206 268 1274 318 qui
1306 280 1463 319 paucos
1496 268 1684 306 uiderent
1715 281 1857 319 super-

234 357 335 390 esse,
368 341 635 394 trepidarent,
668 340 888 391 quomodo
922 338 995 377 illis
1029 340 1273 390 parcerent?
1322 338 1435 389 atqui
1470 337 1587 376 facile
1619 344 1682 377 est
1713 351 1858 390 quam-

235 415 295 453 uis
337 413 535 464 exiguum
578 411 838 462 dispensare,
881 410 996 461 quod
1029 414 1188 447 certum
1221 415 1308 447 est:
1354 408 1395 446 id
1429 408 1556 446 debet
1589 408 1740 447 seruari
1773 407 1857 447 dili-

200 500 215 521 5
235 484 410 536 gentius,
442 482 557 534 quod
591 481 749 520 nescias
781 480 952 531 quando
986 478 1162 518 deficiat.
1213 492 1291 517 nec
1322 484 1385 517 est
1416 485 1568 526 tamen,
1601 479 1716 530 quod
1739 484 1861 530 putes
1887 488 1908 521 4

234 554 324 593 illos
356 554 561 605 ignorare,
593 565 719 604 quam
755 564 849 590 cara
878 564 943 589 res
966 551 1037 589 sit:
1074 549 1212 588 dicere
1233 548 1373 588 solent
1395 549 1463 596 eis,
1496 562 1603 601 quos
1626 548 1862 587 ualdissime

235 625 433 676 diligunt,
486 628 656 675 paratos
707 636 752 661 se
801 628 963 673 partem
1007 633 1212 660 annorum
1254 633 1423 658 suorum
1471 620 1581 658 dare.
1644 620 1745 658 dant
1786 632 1864 658 nec

235 694 504 746 intellegunt:
551 682 653 732 dant
697 700 837 732 autem
880 692 956 738 ita,
998 697 1042 730 ut
1073 691 1161 730 sine
1193 689 1356 730 illorum
1389 691 1648 729 incremento
1681 689 1757 729 sibi
1789 690 1860 729 de-

236 765 403 806 trahant
458 765 531 803 sed
565 763 647 802 hoc
679 763 824 814 ipsum,
859 763 969 801 unde
1002 761 1235 808 detrahant,
1270 761 1467 799 nesciunt.
1511 761 1606 800 ideo
1638 759 1864 800 tolerabilis

188 851 216 875 ιω
237 842 300 876 est
345 836 419 875 illis
461 835 616 874 iactura
657 833 895 873 detrimenti
926 832 1100 871 latentis.
1163 845 1289 871 nemo
1323 832 1509 871 restituet
1541 844 1694 878 annos,
1737 843 1863 870 nemo
1891 841 1910 873 ἵ)

237 908 384 946 iterum
428 912 470 944 te
508 905 583 945 tibi
616 905 774 944 reddet.
837 903 932 950 ibit,
975 916 1058 955 qua
1090 903 1249 955 coepit,
1293 908 1407 941 aetas
1439 915 1516 941 nec
1548 915 1711 941 cursum
1745 915 1864 941 suum

238 984 308 1017 aut
340 975 553 1016 reuocabit
586 981 656 1015 aut
688 974 931 1027 supprimet.
994 973 1090 1012 nihil
1123 973 1459 1021 tumultuabitur,
1492 972 1589 1012 nihil
1621 972 1867 1012 admonebit

238 1048 467 1088 uelocitatis
510 1060 632 1086 suae:
680 1046 806 1085 tacita
848 1044 1019 1084 labetur.
1082 1057 1167 1083 non
1209 1043 1276 1083 illa
1317 1058 1361 1083 se
1404 1044 1512 1095 regis
1544 1043 1738 1095 imperio,
1782 1056 1866 1082 non

239 1119 382 1159 fauore
414 1117 557 1171 populi
589 1117 752 1168 longius
784 1116 990 1168 proferet:
1028 1115 1132 1154 sicut
1165 1115 1288 1154 missa
1310 1121 1372 1154 est
1394 1128 1419 1154 a
1440 1114 1577 1167 primo
1610 1115 1686 1161 die,
1719 1120 1865 1153 curret.

191 1204 218 1228 {5
240 1203 445 1241 nusquam
481 1189 732 1235 deuertetur,
765 1199 970 1238 nusquam
992 1185 1280 1226 remorabitur.
1324 1186 1423 1237 quid
1446 1184 1540 1224 fiet?
1574 1191 1618 1224 tu
1641 1190 1867 1237 occupatus

241 1275 295 1308 es,
329 1261 413 1299 uita
435 1259 620 1298 festinat:
658 1271 772 1297 mors
795 1258 956 1296 interim
980 1257 1123 1304 aderit,
1157 1257 1231 1303 cui,
1264 1256 1364 1295 uelis
1386 1256 1503 1303 nolis,
1536 1257 1770 1295 uacandum
1794 1260 1867 1294 est.

360 1331 430 1369 IX.
476 1330 674 1369 Potestne
707 1329 927 1381 quicquam
962 1329 1166 1367 amentius
1198 1314 1416 1367 hominum
1460 1341 1606 1366 eorum
1648 1327 1726 1366 dici
1768 1327 1867 1374 otio,
1897 1334 1912 1367 l

241 1403 309 1455 qui
341 1402 607 1455 prudentiam
639 1401 816 1439 iactant?
871 1399 1087 1450 operosius
1120 1399 1312 1449 occupati
1334 1404 1441 1446 sunt,
1473 1404 1517 1437 ut
1540 1397 1685 1436 melius
1707 1397 1870 1449 possint

242 1474 391 1520 uiuere,
425 1472 620 1523 inpendio
653 1471 762 1510 uitae
795 1470 922 1509 uitam
956 1470 1172 1517 instruunt,
1206 1469 1483 1521 cogitationes
1515 1482 1610 1508 suas
1632 1470 1673 1508 in
1695 1468 1868 1520 longum

189 1558 222 1581 20
244 1545 449 1583 ordinant.
514 1542 700 1581 maxima
740 1554 868 1593 porro
910 1541 1019 1580 uitae
1061 1540 1216 1579 iactura
1258 1539 1400 1579 dilatio
1443 1546 1530 1579 est:
1583 1538 1649 1579 illa
1689 1540 1869 1592 primum

244 1627 452 1667 quemque
475 1611 656 1652 extrahit
680 1612 802 1660 diem,
825 1611 893 1650 illa
915 1611 1035 1663 eripit
1056 1612 1300 1663 praesentia,
1325 1611 1425 1649 dum
1442 1609 1639 1650 ulteriora
1654 1611 1871 1662 promittit.

244 1687 478 1725 maximum
522 1683 686 1723 uiuendi
724 1683 1054 1736 inpedimentum
1088 1688 1151 1721 est
1184 1682 1446 1733 expectatio,
1490 1694 1596 1733 quae
1628 1681 1785 1733 pendet
1817 1693 1871 1719 ex

245 1758 447 1803 crastino,
486 1756 622 1808 perdit
660 1754 934 1794 hodiernum:
981 1754 1096 1805 quod
1129 1753 1168 1792 in
1201 1766 1325 1792 manu
1358 1751 1549 1791 fortunae
1581 1752 1764 1803 positum
1797 1759 1871 1799 est,

246 1829 450 1880 disponis,
493 1827 608 1879 quod
652 1826 690 1864 in
732 1831 823 1872 tua,
867 1825 1050 1864 dimittis.
1113 1838 1196 1876 quo
1229 1829 1415 1877 spectas,
1458 1836 1542 1875 quo
1575 1829 1617 1863 te
1649 1822 1872 1862 extendis?

193 1911 225 1935 25>
247 1899 387 1938 omnia
419 1911 526 1950 quae
559 1902 732 1936 uentura
764 1902 870 1943 sunt,
902 1896 941 1934 in
963 1896 1122 1934 incerto
1150 1896 1308 1934 iacent:
1346 1895 1534 1945 protinus
1557 1896 1659 1933 uiue.
1722 1893 1875 1934 clamat
1900 1900 1919 1933 2

248 1983 344 2008 ecce
394 1969 604 2008 maximus
654 1973 768 2006 uates
821 1973 862 2006 et
911 1965 1023 2005 uelut
1077 1966 1216 2005 diuino
1260 1965 1397 2004 surore
1439 1965 1655 2005 instinctus
1696 1963 1874 2004 salutare

248 2053 415 2079 carmen
450 2040 583 2078 canit:

568 2112 707 2160 optima
740 2123 908 2158 (suaeque
939 2110 1014 2146 dies
1046 2110 1190 2146 miseris
1222 2109 1442 2146 mortalibus
1474 2109 1561 2145 aem·

561 2183 688 2230 prima
709 2183 829 2232 sl4gr2'l.

197 2265 229 2287 :w
250 2252 348 2305 quid
382 2252 606 2298 cunctaris,
650 2252 791 2303 inquit,
825 2251 924 2303 quid
957 2252 1121 2289 cessas?
1176 2251 1249 2289 nisi
1284 2262 1487 2300 occupas,
1530 2248 1644 2300 fugit.
1708 2253 1749 2286 ct
1782 2260 1876 2285 cum

251 2419 270 2447 ΕΙ
306 2416 475 2446 detrahant
511 2414 558 2455 (lu
587 2425 700 2458 tttarq.
729 2424 772 2448 m.
802 2416 819 2446 2
848 2415 903 2445 sed
931 2415 963 2444 hi
992 2415 1093 2454 ipsum
1123 2414 1350 2450 andelrahant)
1529 2412 1612 2442 unde
1639 2409 1808 2455 Maduiq:
1839 2422 1878 2441 an

371 2474 561 2504 tollerabilis
698 2473 734 2506 1¹2
769 2474 933 2514 suprimet.
1065 2472 1256 2502 admonebit
1285 2470 1502 2504 deleriorvsz
1532 2471 1574 2500 ad
1602 2471 1745 2501 monebit

258 2533 296 2565 125
331 2544 364 2563 se
392 2533 474 2572 regis
502 2530 573 2564 ΕΗ
603 2533 720 2571 seregit
854 2531 890 2564 ῘῙ
928 2532 1101 2572 ‹Vluicquam
1129 2530 1285 2561 amentius
1315 2528 1442 2563 Gertz:
1472 2529 1612 2570 quicqua,
1638 2538 1745 2559 sensus

253 2592 391 2624 hominsl
422 2591 511 2629 (hom
540 2591 572 2622 in
602 2601 690 2623 ras„-
813 2591 877 2621 dici
905 2591 972 2620 otio
1003 2588 1118 2622 Koch:
1148 2589 1223 2620 dieo
1352 2589 1389 2620 18
1425 2588 1566 2618 iactant?
1594 2587 1643 2620 ila
1668 2586 1883 2631 interpone-vi

372 2651 415 2682 ‘353
451 2650 556 2690 perdit
576 2660 666 2682 unus
684 2649 900 2683 (Interiorum
917 2662 922 2679 :
957 2649 1027 2689 [ulis
1149 2650 1193 2681 *lu
1212 2648 1318 2678 surore
1339 2645 1516 2680 Muretus:
1546 2657 1601 2677 ore
1620 2644 1698 2679 cod.
1718 2644 1764 2689 cf.
1787 2647 1840 2684 19,
1863 2647 1873 2677 1

255 2709 314 2741 uhi
338 2707 457 2741 codem
482 2706 587 2741 habel
614 2720 669 2739 ore
694 2719 763 2753 μνη
790 2709 944 2749 humore,
970 2712 1161 2751 praetcrea
1184 2705 1260 2739 Is'al.
1289 2703 1392 2738 Mam.
1421 2709 1453 2744 (i,
1474 2708 1504 2744 2,
1526 2708 1544 2735 3
1571 2706 1681 2736 contio
1708 2704 1880 2736 tribunicio

254 2771 360 2802 surore
387 2768 535 2798 instincta
673 2768 717 2800 ‘3ss
749 2769 829 2798 euix-
857 2768 990 2811 (parem
1018 2776 1104 2799 1·(1s.1
1242 2767 1287 2795 :w
1315 2766 1370 2806 iqt.
1396 2765 1439 2806 qd
1468 2764 1602 2805 (munia
1621 2764 1654 2797 lu
1675 2763 1762 2806 ras.)

256 2828 345 2869 sugit,
373 2827 448 2868 quid
476 2827 635 2857 cunctaris
664 2827 771 2868 inquid
790 2828 866 2868 quid
886 2837 991 2857 cessas
1010 2828 1171 2870 (practer
1189 2825 1267 2866 sugit
1288 2822 1381 2857 le'ltea
1401 2826 1611 2856 transuersa
1631 2822 1762 2863 delaelltc)
