2008 3221
221 851 249 875 lu

225 1205 252 1228 l'a

223 1560 255 1583 20

230 2269 261 2288 {w

272 112 283 148 l
303 111 349 148 1ss
589 124 603 135 ,
718 103 823 128 DIAL.
846 103 879 128 Υ,
922 102 971 126 DF.
994 102 1060 127 IRA
1082 101 1152 127 Lll'1.
1176 101 1227 126 111.
1267 104 1311 128 ΞΠ.
1334 103 1374 127 338.
1398 104 1439 128 15¹).

265 203 387 242 uenit.
461 202 593 240 minus
646 199 855 239 honorato
907 197 1001 238 loco
1054 199 1213 251 positus
1254 198 1370 238 irasci
1413 200 1586 253 coepisti
1628 202 1942 260 coniiiuatori,ss

266 274 465 320 uocatori,
499 272 574 324 ipsi
606 272 675 323 qui
707 270 780 310 tibi
812 269 1148 322 praeferebatur:
1186 270 1382 318 demens,
1414 271 1514 322 quid
1546 271 1739 319 interest,
1770 286 1897 324 quam

266 345 360 384 lecti
402 355 569 395 premas
601 343 791 393 partem?
835 340 1120 380 honestiorem
1153 346 1196 379 te
1228 347 1297 379 aut
1329 342 1558 393 turpiorem
1591 347 1733 393 potest
1764 341 1898 382 facere

268 414 483 468 puluinus?
527 426 610 452 non
644 411 784 464 aequis
816 412 1029 464 quendam
1063 410 1191 451 oculis
1223 411 1380 459 uidisti,
1414 412 1509 463 quia
1540 413 1594 452 de
1625 413 1792 464 ingenio
1826 420 1898 453 tuo
1926 418 1946 452 5

204 482 246 521 ’,κ
269 484 377 523 male
411 483 573 524 locutus
607 490 694 522 est:
739 483 886 534 recipis
918 483 1024 522 hanc
1058 482 1224 534 legem?
1268 496 1370 534 ergo
1402 489 1444 522 te
1477 483 1655 531 Ennius,
1698 497 1783 536 quo
1816 499 1900 524 non

268 555 496 602 delectaris,
520 554 691 600 odisset,
715 560 755 593 et
779 553 1040 601 Hortensius,
1071 553 1112 592 εἰ
1131 553 1342 592 orationes
1363 556 1450 592 eius
1472 554 1731 605 improbares,
1760 555 1898 595 simul-

268 632 376 666 tates
408 625 481 664 tibi
513 625 735 672 indiceret,
770 631 811 664 et
844 623 1011 672 Cicero,
1044 625 1076 664 si
1109 623 1319 663 derideres
1351 624 1535 664 carmina
1567 626 1673 674 eius,
1716 626 1902 666 inimicus

268 702 389 736 esset.
452 696 512 735 uis
545 702 588 735 tu
622 709 758 747 aequo
792 695 932 735 animo
964 696 1050 747 pati
1082 695 1328 735 candidatus
1360 695 1583 747 suffragia?

387 766 627 806 XXXVIII.
689 765 999 806 Contumeliam
1031 766 1105 806 tibi
1137 766 1232 806 fecit
1264 766 1428 819 aliquis:
1465 768 1666 819 numquid
1700 768 1902 808 maiorem

270 852 397 891 quam
420 838 601 889 Diogeni
633 836 887 890 philosopho
910 836 1079 877 Stoico?
1113 838 1176 876 cui
1206 838 1260 876 de
1281 838 1340 877 ira
1362 851 1454 877 cum
1480 839 1665 877 maxime
1688 839 1904 879 disserenti

271 909 515 949 adulescens
564 914 784 960 proteruus
826 908 988 961 inspuit.
1052 908 1144 947 tulit
1186 909 1267 948 hoc
1309 908 1374 947 ille
1417 908 1561 948 leniter
1603 915 1645 948 et
1685 911 1904 962 sapienter.

272 994 357 1020 non
389 980 575 1033 quidem,
610 980 758 1032 inquit,
792 980 955 1027 irascor,
988 980 1063 1019 sed
1098 979 1246 1019 dubito
1279 986 1433 1027 tamen,
1466 993 1518 1018 an
1551 986 1746 1033 oporteat
1779 981 1905 1021 irasci.

272 1057 431 1103 quanto
467 1048 573 1089 Cato
617 1056 760 1089 noster
803 1049 975 1090 melius?
1019 1051 1108 1103 qui,
1153 1065 1247 1090 cum
1280 1053 1418 1102 agenti
1452 1064 1619 1090 causam
1654 1052 1693 1090 in
1724 1050 1906 1091 frontem

276 1122 458 1161 mediam
493 1128 693 1173 quantum
727 1127 893 1173 poterat
926 1127 1104 1161 attracta
1136 1122 1277 1174 pingui
1309 1121 1436 1161 saliua
1464 1123 1682 1174 inspuisset
1706 1122 1907 1162 Lentulus

274 1193 358 1240 ille,
402 1198 567 1246 patrum
610 1199 850 1232 nostrorum
895 1193 1097 1232 memoria
1142 1191 1338 1232 factiosus
1381 1199 1423 1232 et
1455 1193 1671 1245 inpotens,
1713 1193 1908 1234 abstersit

273 1263 418 1303 faciem
452 1270 517 1312 et,
559 1263 817 1311 adfirmabo,
860 1264 1009 1315 inquit,
1049 1263 1265 1312 omnibus,
1308 1263 1507 1312 Lentule,
1547 1263 1628 1304 falli
1660 1278 1732 1304 eos
1765 1265 1833 1318 qui
1866 1272 1907 1305 te

275 1339 431 1387 negant
463 1348 511 1374 os
542 1334 709 1374 habere.

394 1405 595 1444 XXXIX.
640 1403 827 1457 Contigit
850 1405 931 1445 iam
955 1405 1088 1453 nobis,
1110 1405 1289 1453 Nouate,
1319 1405 1426 1446 bene
1449 1419 1689 1459 conponere
1711 1407 1907 1447 animum.

276 1482 346 1516 aut
388 1489 471 1514 non
514 1476 637 1515 sentit
679 1475 932 1515 iracundiam
976 1482 1048 1516 aut
1085 1477 1272 1529 superior
1305 1483 1392 1516 est:
1441 1476 1656 1516 uideamus
1687 1479 1906 1530 quomodo

276 1546 452 1586 alienam
485 1548 587 1586 iram
621 1546 847 1586 leniamus:
885 1560 961 1586 nec
992 1547 1101 1586 enim
1135 1547 1223 1587 sani
1255 1561 1347 1587 esse
1379 1553 1541 1588 tantum
1577 1547 1790 1597 uolumus,
1833 1550 1909 1589 sed

277 1631 434 1658 sanare.

396 1688 577 1727 Primam
612 1688 713 1728 iram
747 1702 831 1728 non
864 1688 1112 1729 audebimus
1144 1689 1333 1730 oratione
1366 1689 1570 1729 mulcere:
1613 1691 1740 1730 surda
1772 1697 1834 1730 est
1867 1697 1909 1731 et

277 1744 433 1798 aniciis.
497 1759 689 1799 dabimus
732 1759 784 1798 illi
827 1760 1017 1813 spatium.
1081 1761 1266 1800 remedia
1303 1761 1341 1799 in
1374 1760 1691 1801 remissionibus
1723 1768 1910 1814 prosunt.

277 1843 355 1869 nec
383 1830 529 1869 oculos
562 1830 758 1870 tumentis
790 1836 1059 1884 temptamus,
1093 1831 1176 1870 uim
1210 1833 1416 1883 rigentem
1450 1833 1663 1872 mouendo
1696 1832 1912 1880 imitaturi,

250 1914 356 1939 ›nec
408 1907 546 1940 cetera
599 1901 718 1949 uitia,
772 1902 872 1941 dum
925 1901 1096 1941 seruent.
1158 1903 1269 1941 initia
1322 1902 1568 1942 morborum
1621 1903 1737 1955 quies
1786 1910 1911 1944 curat.

279 1971 547 2023 quantulum,
588 1972 740 2024 inquis,
782 1973 958 2025 prodest
996 1973 1227 2012 remedium
1271 1978 1411 2020 tuum,
1451 1974 1482 2012 si
1514 1987 1589 2013 sua
1620 1980 1772 2026 sponte
1805 1974 1909 2014 desi-

281 2048 449 2081 nentem
493 2043 594 2082 iram
637 2042 800 2095 placat?
844 2045 1047 2096 primum,
1090 2049 1133 2082 ut
1177 2043 1294 2083 citius
1338 2044 1522 2092 desinat,
1565 2043 1698 2084 efficit.
1761 2045 1913 2084 deinde

282 2114 485 2160 custodit,
529 2128 579 2153 ne
622 2115 790 2154 recidat.
855 2116 988 2167 ipsum
1033 2128 1200 2167 quoque
1242 2116 1451 2167 inpetum,
1493 2129 1619 2168 quem
1661 2129 1746 2156 non
1787 2117 1915 2155 audet

283 2185 418 2232 lenire,
452 2184 587 2224 fallet:
626 2185 860 2225 remouebit
892 2186 1033 2225 omnia
1056 2185 1219 2225 ultionis
1242 2187 1526 2225 instrumenta.
1569 2187 1779 2226 simulabit
1801 2188 1914 2234 iram,

283 2263 326 2295 ut
369 2262 585 2307 tamquam
619 2257 783 2296 adiutor
815 2263 855 2296 et
890 2256 1045 2296 doloris
1079 2270 1222 2296 comes
1255 2256 1347 2309 plus
1379 2258 1634 2297 auctoritatis
1666 2259 1706 2297 in
1739 2257 1916 2297 consiliis

283 2326 447 2366 habeat.
512 2340 651 2367 moras
694 2333 854 2375 nectet,
898 2334 939 2367 et
982 2329 1079 2367 dum
1127 2328 1326 2367 maiorem
1359 2342 1540 2380 poenam
1574 2330 1755 2380 quaerit,
1797 2341 1913 2381 prae-

293 2469 298 2500 l
332 2469 445 2509 cepisti
585 2468 604 2497 ἵ)
640 2472 751 2509 ergole
889 2469 908 2498 li
945 2467 1057 2502 uerba
1084 2469 1109 2499 si
1137 2469 1299 2499 orationes
1326 2469 1391 2499 cius
1418 2470 1607 2510 inprobare<
1634 2467 1684 2501 (ld
1707 2467 1915 2502 senleuliam

285 2526 493 2559 neressaria
527 2525 671 2559 addidit
710 2525 831 2571 Haupt
969 2530 988 2556 δ’
1024 2529 1070 2558 uis
1098 2532 1260 2569 tux-equo
1407 2528 1442 2560 1‘2
1477 2531 1668 2568 anoporteat
1703 2528 1797 2558 irasci
1825 2526 1916 2565 cod,

286 2598 324 2616 :m
362 2587 453 2617 irasci
488 2590 637 2626 ‹qun-tent
674 2584 782 2629 uulqo
928 2587 962 2618 11⁸,
999 2592 1119 2628 quanto
1155 2588 1239 2618 Cato
1276 2585 1441 2620 Ficlcerc:
1479 2591 1599 2627 quanto
1735 2587 1772 2618 113
1808 2587 1916 2628 inquid

392 2644 432 2676 v<
460 2655 657 2686 componere
770 2644 809 2678 “ll
842 2650 1038 2687 temptamus·
1058 2645 1148 2684 cod„
1177 2647 1407 2687 temptabimus
1426 2643 1544 2690 quqo,
1573 2643 1640 2678 scd
1664 2644 1756 2678 illud
1773 2643 1917 2682 rectius,

286 2703 451 2747 quoniam
479 2702 566 2736 haec
592 2714 661 2735 mm
689 2703 739 2737 ad
764 2704 854 2737 iram
877 2703 1100 2748 placandam
1134 2704 1332 2749 pertinent,
1367 2703 1434 2737 sed
1458 2714 1508 2738 ew
1542 2715 1582 2738 eo
1609 2703 1710 2748 quod
1743 2704 1779 2737 iu
1805 2702 1918 2737 oculis

288 2768 501 2801 lmm’ulllms
524 2768 609 2812 sieri
631 2768 730 2810 solet,
757 2754 1001 2813 ςὶφιίχῖῐαίπίν,
1028 2768 1117 2813 quid
1141 2769 1174 2802 ίη
1203 2770 1259 2803 ira
1282 2768 1492 2813 faciemlwn
1519 2769 1564 2801 sil
1702 2768 1745 2802 ‘2⁸
1773 2763 1918 2815 reg-cidat

408 2835 530 2875 impetu
655 2834 692 2865 .''›l
727 2844 836 2874 poena
865 2836 967 2867 (raro
994 2833 1174 2879 exemplo)

1930 771 1947 805 1

1932 1056 1951 1076 ι)

1941 1410 1949 1443 l

1935 1696 1955 1719 ‘)

1939 1979 1958 2009 Ji
