1977 3231
85 468 104 500 (Q

77 2159 96 2186 Γ»

658 157 762 183 DIAL.
785 157 836 183 111.
876 158 929 183 DE
949 158 1017 182 IRA
1039 157 1110 184 LIB.
1133 158 1154 183 1.
1179 159 1219 183 11.
1668 165 1670 167 ·
1699 164 1753 200 ⁴¹3³)

134 253 290 292 minus:
338 253 407 291 ubi
450 266 535 292 non
576 242 729 292 effusos
771 267 862 293 esse
893 260 1063 308 oportet
1095 255 1269 307 inpetus,
1312 255 1386 293 sed
1425 260 1683 307 temperatos
1717 262 1757 294 et

133 323 390 362 obedientes.
451 324 551 375 quid
584 324 692 363 enim
726 330 788 363 est
819 324 940 372 aliud,
971 324 1086 376 quod
1117 324 1320 364 barbaros
1351 330 1470 364 tanto
1503 324 1757 364 robustiores

133 393 398 445 corporibus,
440 399 558 433 tanto
601 395 868 447 patientiores
911 395 1103 434 laborum
1156 396 1411 435 comminuat
1463 395 1538 434 nisi
1589 395 1648 434 ira
1699 397 1755 434 in-

132 462 350 502 festissima
380 463 483 503 sibi?
516 464 769 516 gladiatores
792 479 961 517 quoque
993 479 1058 504 ars
1080 471 1229 513 tuetur,
1262 465 1320 504 ira
1349 465 1544 506 denudat.
1606 466 1756 505 deinde

131 535 230 585 quid
252 548 359 586 opus
394 541 456 574 est
488 535 557 583 ira,
589 549 684 574 cum
707 536 818 575 idem
841 535 1029 589 proficiat
1061 535 1193 574 ratio?
1227 549 1279 574 an
1301 541 1346 574 tu
1368 542 1490 588 putas
1512 543 1756 577 uenatorem

131 603 247 643 irasci
280 603 400 644 feris?
443 606 557 657 atqui
590 613 630 645 et
664 607 864 645 uenientis
897 607 1053 658 excipit
1091 612 1133 645 et
1164 605 1355 658 fugientis
1397 607 1667 659 persequitur,
1716 613 1757 646 et

131 675 271 714 omnia
302 675 369 715 illa
411 676 497 715 sine
535 677 594 715 ira
637 676 732 716 facit
771 678 888 716 ratio.
951 678 1049 729 quid
1084 675 1350 716 Cimbrorum
1382 676 1758 730 Teutonorumque

129 751 195 784 tot
228 745 339 784 milia
383 746 599 799 superfusa
631 747 813 800 Alpibus
856 748 912 786 ita
943 747 1126 795 sustulit,
1159 753 1202 785 ut
1233 752 1376 786 tantae
1409 746 1534 786 cladis
1566 748 1756 787 notitiam

129 817 183 855 ad
214 829 312 855 suos
343 831 429 856 non
468 819 632 857 nuntius
683 818 758 857 sed
797 804 921 857 saffiff
939 817 1174 870 pertulerit,
1214 818 1288 856 nisi
1327 819 1442 869 quod
1476 824 1562 857 erat
1594 818 1668 857 illis
1700 819 1758 857 ira

129 900 204 939 pro
250 887 428 926 uirtute?
481 901 588 939 quae
640 893 684 926 ut
726 888 949 940 aliquando
1001 888 1185 941 propulit
1227 883 1462 956 strauitque
1504 889 1649 937 obuia,
1702 890 1758 928 ita

82 962 87 988 -’
128 958 291 1010 saepius
334 958 410 996 sibi
453 959 581 996 exitio
625 966 697 997 est.
761 958 980 998 Germanis
1023 959 1120 1011 quid
1164 965 1228 999 est
1269 952 1520 998 anix'fffiius?
1563 960 1662 1011 quid
1705 959 1756 998 ad

128 1028 335 1066 incursum
368 1029 526 1068 acrius?
566 1030 663 1080 quid
698 1043 909 1069 armorum
943 1031 1158 1083 cupidius?
1200 1030 1349 1082 quibus
1392 1029 1658 1071 innascuntur
1699 1031 1754 1069 in-

128 1099 464 1151 nutriunturque,
506 1113 683 1151 quorum
729 1101 847 1139 unica
888 1100 962 1139 illis
1005 1114 1103 1140 cura
1145 1106 1207 1139 est
1245 1101 1284 1139 in
1317 1100 1394 1140 alia
1425 1100 1755 1152 neglegentibus.

127 1169 225 1220 quid
257 1169 484 1209 induratius
515 1171 570 1209 ad
602 1184 772 1210 omnem
805 1171 1075 1223 patientiam?
1109 1177 1153 1212 ut
1185 1170 1334 1223 quibus
1367 1184 1521 1222 magna
1553 1184 1607 1210 ex
1639 1178 1757 1223 parte

126 1252 211 1277 non
254 1240 485 1291 tegimenta
538 1254 761 1293 corporum
814 1242 981 1293 prouisa
1033 1242 1135 1289 sint,
1189 1254 1274 1281 non
1325 1240 1505 1293 suffugia
1556 1242 1755 1280 aduersus

126 1316 374 1362 perpetuum
417 1310 517 1350 caeli
559 1311 766 1363 rigorem:
827 1312 906 1351 hos
937 1318 1078 1351 tamen
1111 1311 1286 1365 Hispani
1319 1310 1510 1363 Gallique
1553 1317 1594 1351 et
1626 1311 1756 1351 Asiae

126 1378 356 1432 Syriaeque
389 1380 539 1421 molles
578 1380 691 1421 bello
730 1382 824 1430 uiri,
867 1388 1091 1434 antequam
1126 1382 1235 1435 legio
1269 1383 1443 1430 uisatur,
1487 1383 1667 1421 caedunt
1699 1382 1754 1421 ob

124 1449 280 1489 nullam
325 1451 446 1490 aliam
489 1466 577 1491 rem
625 1458 890 1505 opportunos
943 1467 1068 1505 quam
1113 1453 1383 1492 iracundiam.
1457 1454 1639 1504 agedum
1682 1453 1755 1492 illis

125 1521 391 1573 corporibus,
444 1521 518 1561 illis
561 1523 705 1561 animis
748 1523 935 1571 deliciaS,
987 1523 1156 1571 luxum,
1207 1537 1309 1576 opes
1361 1523 1649 1575 ignorantibus
1701 1524 1755 1563 da

124 1592 339 1639 rationem,
373 1593 427 1631 da
461 1593 742 1645 disciplinam:
781 1600 826 1633 ut
857 1594 912 1632 nil
943 1594 1119 1647 amplius
1151 1594 1298 1641 dicam,
1331 1607 1502 1633 necesse
1534 1595 1609 1633 erit
1642 1600 1753 1633 certe

77 1664 88 1693 ἵ
124 1661 245 1700 nobis
277 1676 415 1701 mores
448 1663 667 1703 Romanos
699 1670 899 1718 repetere.
961 1678 1045 1716 quo
1079 1664 1159 1704 alio
1192 1664 1346 1704 Fabius
1378 1664 1564 1703 adfectas
1596 1665 1754 1717 imperii

124 1732 229 1771 uires
261 1734 482 1780 recreauit,
525 1748 650 1785 quam
693 1735 808 1786 quod
850 1736 1032 1774 cunctari
1075 1740 1116 1773 et
1158 1735 1323 1774 trahere
1366 1740 1407 1773 et
1441 1735 1593 1774 morari
1624 1735 1753 1781 sciuit,

123 1816 231 1854 quae
272 1804 411 1842 omnia
443 1804 533 1842 irati
564 1805 781 1844 nesciunt?
838 1806 1015 1858 perierat
1047 1806 1286 1858 imperium,
1331 1805 1444 1857 quod
1476 1811 1575 1844 tunc
1606 1806 1644 1844 in
1679 1818 1751 1844 ex-

122 1879 260 1912 tremo
292 1873 443 1921 stabat,
476 1875 509 1913 si
531 1875 684 1914 Fabius
716 1881 880 1915 tantum
913 1890 1036 1916 ausus
1069 1882 1179 1915 esset
1210 1882 1411 1927 quantum
1434 1876 1492 1914 ira
1523 1876 1748 1915 suadebat:

122 1944 266 1983 habuit
307 1945 348 1984 in
389 1946 561 1985 consilio
613 1945 824 1986 fortunam
866 1947 1077 2000 publicam
1122 1953 1163 1986 et
1212 1947 1439 1986 aestimatis
1482 1946 1655 1994 uiribus,
1698 1960 1752 1985 ex
1772 1962 1801 1986 2.-

122 2016 271 2067 quibus
314 2016 396 2055 iam
439 2017 573 2069 perire
604 2016 702 2056 nihil
734 2017 823 2056 sine
855 2018 1047 2057 uniuerso
1078 2022 1263 2070 poterat,
1307 2016 1498 2056 dolorem
1532 2017 1750 2056 ultionem-

122 2099 203 2138 que
224 2087 420 2139 seposuit,
452 2087 492 2125 in
515 2101 639 2126 unam
673 2087 891 2127 utilitatem
935 2095 975 2127 et
1008 2089 1249 2128 occasiones
1281 2089 1472 2127 intentus.
1521 2088 1623 2127 iram
1657 2093 1752 2126 ante

123 2157 220 2196 uicit
260 2171 386 2209 quarn
431 2157 724 2200 Hannibalem.
786 2160 885 2211 quid
919 2158 1087 2212 Scipio?
1133 2172 1218 2198 non
1259 2158 1402 2198 relicto
1442 2158 1679 2197 Hannibale
1711 2163 1752 2197 et

122 2227 277 2266 Punico
323 2228 508 2267 exercitu
552 2229 829 2281 omnibusque
871 2229 1019 2282 quibus
1061 2230 1322 2268 irascendum
1362 2235 1470 2275 erat,
1513 2228 1670 2268 bellum
1712 2229 1750 2267 in

121 2297 308 2337 Africam
340 2298 548 2338 transtulit
579 2306 666 2338 tam
689 2299 854 2347 lentus,
898 2306 943 2338 ut
975 2301 1215 2352 opinionem
1247 2299 1434 2338 luxuriae
1465 2300 1751 2351 segnitiaeque

122 2368 312 2420 malignis
345 2369 490 2408 daret?
539 2369 637 2421 quid
669 2369 773 2409 alter
804 2368 972 2422 Scipio?
1016 2384 1099 2409 non
1132 2370 1239 2409 circa
1270 2369 1542 2409 Numantiam
1574 2369 1750 2409 multum

121 2439 274 2491 diuque
315 2439 422 2478 sedit
465 2447 505 2479 et
547 2440 655 2480 hunc
697 2454 816 2480 suum
860 2440 1155 2493 publicumque
1197 2439 1388 2479 dolorem
1432 2452 1567 2492 aequo
1610 2440 1749 2478 animo

120 2509 235 2557 tulit,
280 2511 430 2549 diutius
463 2511 733 2550 Numantiam
772 2525 898 2562 quam
933 2510 1231 2562 Carthaginem
1265 2511 1398 2549 uinci?
1443 2510 1544 2548 dum
1576 2511 1747 2549 circum-

130 2696 135 2727 l
169 2697 306 2737 impetus
426 2696 446 2730 2
473 2698 661 2737 obedientes
792 2698 878 2728 aliud
907 2698 941 2739 (d
969 2697 1078 2739 corr.)
1211 2698 1230 2728 ti
1257 2684 1443 2737 einenientis
1570 2697 1748 2738 effugientis

311 2755 330 2787 9
356 2756 404 2786 ira
430 2766 490 2797 pro
515 2757 629 2787 uirtute
655 2754 752 2798 cod.,
779 2767 838 2797 pro
874 2757 987 2787 uirtute
1012 2757 1058 2786 ira
1087 2753 1194 2799 mclqo
1386 2755 1426 2788 21
1457 2756 1599 2794 affectas,
1625 2754 1691 2788 sed
1716 2767 1747 2785 ·1-

121 2813 257 2844 afflictas
282 2823 326 2846 m.
353 2823 426 2848 rec.
451 2823 633 2858 superscr.
804 2814 843 2847 Ξῖ
875 2816 1059 2846 occasionis
1236 2815 1382 2847 intentus.
1411 2815 1492 2844 iram
1521 2813 1749 2858 interpunxit

124 2869 242 2913 Gertz,
269 2870 376 2915 uulqo
402 2873 537 2903 intentus
564 2874 644 2903 iram
790 2874 832 2906 233
861 2874 946 2903 tuli*

1781 906 1809 927 11)

1781 1258 1809 1281 15

1774 1611 1807 1633 21»

1770 2314 1804 2339 30
