2008 3221
261 111 341 151 158
577 106 680 133 DIAL.
702 104 766 130 VII.
807 104 860 129 AD
882 102 1116 129 GALLIONEM
1137 102 1190 127 DE
1209 102 1302 128 VITA
1323 102 1463 130 BEATA.
1500 103 1526 130 3.
1545 104 1571 130 4.

256 204 522 257 possessione
574 202 758 241 sanitatis
809 213 930 248 suae,
983 199 1134 239 deinde
1175 198 1291 238 fortis
1339 213 1387 239 ac
1434 199 1682 245 uehemens,
1735 204 1885 238 cuncta

255 274 530 327 pulcherrime
562 272 734 324 patiens,
766 277 865 322 apta
897 269 1168 322 temporibus,
1202 270 1387 321 corporis
1419 271 1478 309 sui
1508 270 1885 322 pertinentiumque

256 346 309 384 ad
341 344 380 383 id
414 344 574 382 curiosa
606 355 689 380 non
722 342 856 380 anxie.
899 347 986 380 tum
1020 340 1192 379 illarum‘
1212 353 1346 379 rerum
1381 354 1488 393 quae
1520 341 1647 379 uitam
1681 340 1884 379 instruunt

257 414 431 465 diligens
472 414 559 452 sine
601 412 876 451 admiratione
919 411 1182 462 cuiusquam,
1234 424 1354 450 usura
1400 410 1591 450 fortunae
1634 410 1885 457 muneribus,

221 499 235 521 ε,
256 498 339 524 non
381 484 593 523 seruitura.
655 482 877 534 intellegi5‚
922 482 1082 521 etiamsi
1124 495 1207 520 non
1250 481 1448 529 adiciam,
1492 482 1608 533 sequi
1639 487 1884 534 perpetuam
1911 489 1933 522 4

208 851 236 874 Η)

206 1204 236 1227 15

205 1558 237 1581 ‘20

205 1910 238 1935 ‘25

207 2264 240 2290 30

255 554 616 606 tranquillitatem,
659 553 896 592 libertatem
937 551 1119 603 depulsis
1160 552 1205 590 iis
1247 565 1354 603 quae
1397 558 1466 590 aut
1511 552 1676 591 inritant
1708 565 1783 590 nos
1816 556 1887 590 aut

257 626 454 665 territant.
518 638 615 664 nam
641 631 723 675 pro
756 622 1040 674 uoluptatibus
1074 629 1114 661 et
1147 636 1223 674 pro
1258 621 1330 661 illis
1362 635 1470 674 quae
1501 635 1629 674 parua
1662 635 1710 661 ac
1732 621 1889 673 fragilia

256 702 350 735 sunt
383 702 424 735 et
456 695 701 748 turpissimis
734 694 897 745 flagitiis
929 694 1116 732 obnoxia
1159 694 1303 744 ingens
1337 693 1535 744 gaudium
1573 693 1703 741 subit,
1747 693 1885 731 incon-

257 780 419 806 cussum
464 772 505 805 et
547 765 730 818 aequale.
793 771 882 804 tum
925 778 1010 816 pax
1054 770 1094 802 et
1139 764 1363 802 concordia
1404 764 1528 803 animi
1567 771 1606 803 et
1641 764 1887 815 magnitudo

257 850 350 876 cum
386 836 716 876 mansuetudine.
779 836 916 874 omnis
949 835 1057 874 enim
1092 848 1145 873 ex
1179 832 1416 873 infirmitate
1447 833 1585 874 feritas
1618 840 1690 874 est.

374 908 445 947 IV.
510 908 655 946 Potest
705 906 821 946 aliter
868 919 1035 959 quoque
1078 905 1233 944 definiri
1277 904 1437 944 bonum
1482 911 1692 951 nostrum,
1741 906 1781 944 id
1826 912 1928 946 estl

257 980 406 1018 eadem
429 979 634 1018 sententia
656 991 740 1016 non
762 978 908 1016 iisdem
932 977 1160 1029 conprendi
1182 974 1329 1015 uerbis.
1382 976 1743 1027 quemadmodum
1777 976 1888 1014 idem

256 1049 462 1089 exercitus
506 1049 637 1088 modo
678 1048 797 1088 latius
839 1048 1054 1100 panditur,
1099 1047 1229 1086 modo
1272 1048 1310 1086 in
1350 1052 1573 1098 angustum
1608 1052 1816 1086 coartatur
1849 1052 1890 1085 et

256 1127 326 1160 aut
358 1122 397 1160 in
430 1134 586 1159 cornua
617 1120 776 1158 sinuata
809 1118 946 1157 media
978 1124 1096 1170 parte
1129 1124 1320 1157 curuatur
1352 1123 1422 1156 aut
1460 1123 1574 1156 recta
1602 1115 1737 1155 fronte
1759 1116 1888 1169 expli-

257 1198 391 1239 catur,
436 1191 494 1230 uis
526 1190 590 1237 illi,
625 1196 850 1241 utcumque
882 1189 1096 1228 ordinatus
1130 1195 1203 1235 est,
1237 1188 1386 1227 eadem
1419 1194 1482 1227 est
1515 1193 1556 1226 et
1590 1186 1780 1226 uoluntas
1812 1201 1889 1239 pro

255 1264 401 1302 iisdem
434 1261 620 1314 partibus
653 1260 811 1300 standi:
850 1261 904 1299 ita
936 1259 1065 1299 finitio
1098 1260 1249 1298 summi
1283 1259 1381 1297 boni
1414 1258 1512 1298 alias
1546 1257 1720 1298 diffundi
1748 1265 1891 1310 potest

258 1340 298 1373 et
351 1332 582 1386 exporrigi,
635 1331 733 1371 alias
783 1331 919 1383 colligi
962 1337 1003 1370 et
1046 1331 1085 1369 in
1127 1343 1172 1369 se
1214 1330 1321 1381 cogi.
1383 1330 1495 1369 idem
1538 1330 1676 1381 itaque
1719 1330 1814 1377 erit,
1858 1329 1891 1368 si
1918 1336 1938 1369 2
1992 1338 1994 1342 '

259 1405 427 1444 dixero:
475 1416 685 1443 summum
728 1402 889 1441 bonum
933 1408 995 1441 est
1038 1402 1197 1440 animus
1239 1400 1407 1440 fortuita
1446 1401 1698 1452 despiciens,
1741 1400 1891 1438 uirtute

258 1475 410 1523 laetuS,
444 1480 535 1513 aut:
583 1474 733 1513 inuicta
765 1474 824 1512 uis
858 1473 1004 1520 animi,
1046 1472 1179 1524 perita
1212 1484 1370 1517 rerum,
1403 1471 1566 1524 placida
1598 1472 1636 1509 in
1669 1476 1764 1510 actu
1796 1484 1890 1510 cum

258 1546 516 1585 humanitate
556 1544 687 1584 multa
729 1550 769 1583 et
813 1544 1147 1583 conuersantium
1194 1556 1299 1582 cura.
1361 1542 1456 1581 licet
1498 1548 1541 1582 et
1582 1542 1638 1581 ita
1670 1542 1806 1590 finire,
1849 1547 1892 1581 ut

258 1617 428 1656 beatum
470 1617 656 1655 dicamus
688 1615 902 1654 hominem
936 1628 1053 1662 eum,
1096 1615 1159 1653 cui
1190 1613 1346 1653 nullum
1379 1613 1537 1653 bonum
1571 1613 1812 1666 malumque
1843 1613 1893 1652 sit

258 1687 332 1726 nisi
364 1686 499 1726 bonus
533 1686 750 1738 malusque
782 1686 963 1725 animus:
1001 1684 1165 1724 honesti
1197 1684 1418 1732 cultorem,
1453 1685 1604 1724 uirtute
1637 1690 1894 1731 contentum,

259 1772 383 1811 quem
417 1771 493 1797 nec
526 1757 732 1797 extollant
764 1756 933 1796 fortuita
965 1770 1041 1795 nec
1074 1755 1277 1807 frangant,
1309 1756 1378 1808 qui
1401 1755 1556 1795 nullum
1581 1756 1711 1795 maius
1733 1755 1892 1794 bonum

259 1842 310 1868 eo
357 1829 472 1880 quod
521 1828 594 1867 sibi
649 1829 736 1880 ipse
780 1828 879 1866 dare
920 1832 1062 1879 potest
1105 1826 1288 1873 nouerit,
1341 1826 1403 1865 cui
1447 1839 1542 1865 uera
1585 1825 1778 1878 uoluptas
1820 1826 1894 1864 erit

259 1899 535 1951 uoluptatium
582 1899 882 1955 contemptio.⁴
915 1897 1030 1944 licet,
1079 1897 1110 1935 si
1153 1897 1320 1949 euagari
1363 1897 1482 1944 uelis,
1535 1897 1647 1936 idem
1691 1897 1729 1935 in
1772 1895 1892 1935 aliam
1921 1903 1940 1937 :3

259 1977 384 2022 atque
417 1969 539 2008 aliam
572 1968 717 2008 faciem
752 1968 865 2008 salua
898 1974 938 2007 et
967 1970 1128 2019 integra
1151 1973 1364 2020 potestate
1386 1967 1618 2007 transferre.
1663 1967 1762 2020 quid
1785 1967 1893 2006 enim

259 2040 454 2093 prohibet
487 2054 564 2079 nos
597 2040 768 2079 beatam
802 2040 928 2079 uitam
962 2040 1101 2078 dicere
1134 2039 1308 2078 liberum
1342 2039 1526 2078 animum
1560 2045 1601 2078 et
1634 2044 1819 2078 erectum
1854 2043 1895 2076 et

260 2112 490 2151 interritum
524 2124 572 2150 ac
604 2110 820 2159 stabilem,
863 2116 985 2150 extra
1018 2117 1199 2157 metum,
1243 2116 1364 2150 extra
1396 2110 1666 2162 cupiditatem
1698 2109 1894 2161 positum,

261 2183 323 2222 cui
355 2195 481 2221 unum
514 2181 674 2221 bonum
707 2181 758 2221 sit
790 2180 999 2229 honestas,
1032 2193 1158 2220 unum
1192 2180 1349 2220 malum
1381 2180 1607 2232 turpitudo,
1641 2185 1780 2220 cetera
1809 2178 1895 2218 uilis

261 2253 383 2293 turba
427 2266 562 2292 rerum
609 2265 686 2292 nec
729 2251 954 2292 detrahens
995 2251 1217 2303 quicquam
1261 2251 1412 2291 beatae
1455 2250 1564 2290 uitae
1596 2264 1672 2290 nec
1703 2250 1895 2297 adiciens,

1782 2386 1800 2399 ο

398 2418 410 2450 1
452 2421 565 2449 cuneta
600 2417 817 2458 pulcherrime
851 2417 977 2458 patiens
1005 2413 1173 2460 Madm'q:
1209 2420 1282 2447 tunc
1315 2416 1533 2457 pulcherrima
1567 2419 1595 2446 et
1631 2415 1756 2456 patiens
1791 2412 1892 2451 cod.;

262 2480 338 2511 erac
365 2486 444 2510 cum
471 2475 668 2509 consecrent
696 2482 771 2507 tunc
798 2476 1016 2517 pulcherrima
1043 2475 1208 2516 adpetens,
1236 2473 1285 2507 ila
1307 2472 1449 2519 quidem
1469 2478 1506 2507 uc
1524 2472 1611 2508 llaec
1628 2477 1897 2518 opponerentur

263 2534 382 2570 uerbis
409 2540 483 2577 apta
511 2536 710 2576 temporibus
832 2533 851 2565 :3
880 2534 1004 2564 illarum
1025 2544 1126 2564 rerum
1151 2532 1274 2578 Neap.‚
1302 2544 1404 2564 rerum
1425 2530 1606 2566 Muretus:
1637 2532 1772 2563 aliarum
1791 2542 1895 2563 rerum

386 2593 400 2626 ἶ
436 2603 496 2635 pro
522 2594 741 2635 uoluptatibus
770 2591 834 2626 ΕΗ
873 2593 1094 2634 uoluptatibus
1231 2604 1292 2633 que
1436 2591 1457 2625 8
1494 2596 1523 2623 et
1549 2592 1741 2633 turpissimis
1767 2591 1896 2632 flagitiis

264 2654 407 2683 obnoxia
426 2650 549 2685 Koch:
580 2656 609 2684 et
636 2654 713 2694 ipsis·
739 2653 869 2694 flagitiis
896 2653 993 2683 noxia
1054 2658 1055 2661 ’
1099 2651 1128 2684 ll
1161 2661 1288 2693 quoq;-x-
1391 2652 1428 2684 12
1455 2661 1519 2682 non
1539 2651 1652 2681 iisdem
1673 2649 1892 2684 deteriores:

263 2723 328 2743 non
356 2712 442 2742 idem
566 2710 608 2743 ‘15
635 2712 716 2742 eade
829 2712 865 2744 lb·
893 2711 1012 2742 eisdem
1121 2709 1166 2742 ¹20
1192 2711 1265 2742 licet
1295 2707 1422 2744 Gertz:
1452 2710 1530 2741 libet
1628 2710 1666 2743 ‘21
1700 2710 1857 2750 malumq3
1880 2721 1896 2736 ἢ

382 2771 425 2803 22
461 2770 586 2801 honesti
613 2771 788 2811 cultorem,
825 2771 938 2801 uirtute
965 2772 1149 2801 contentum
1178 2767 1349 2814 Madm'q:
1386 2770 1512 2800 honesti
1539 2769 1651 2802 cult01.
1679 2769 1792 2800 uirtute
1818 2779 1894 2799 con-

264 2834 365 2860 tentus
