<?xml version="1.0" encoding="UTF-8"?>
<!DOCTYPE html PUBLIC "-//W3C//DTD XHTML 1.0 Transitional//EN"
    "http://www.w3.org/TR/xhtml1/DTD/xhtml1-transitional.dtd">
<html xmlns="http://www.w3.org/1999/xhtml" xml:lang="en" lang="en">
 <head>
  <title>
</title>
<meta http-equiv="Content-Type" content="text/html;charset=utf-8" />
  <meta name='ocr-system' content='tesseract 3.04.00' />
  <meta name='ocr-capabilities' content='ocr_page ocr_carea ocr_par ocr_line ocrx_word'/>
</head>
<body>
  <div class='ocr_page' id='page_1' title='image "./dialogorumlibrid00seneuoft_0079.png"; bbox 0 0 1977 3231; ppageno 0'>
   <div class='ocr_carea' id='block_1_1' title="bbox 643 148 1731 188">
    <p class='ocr_par' dir='ltr' id='par_1_1' title="bbox 643 148 1731 188">
     <span class='ocr_line' id='line_1_1' title="bbox 643 148 1731 188; baseline 0.001 -15"><span class='ocrx_word' id='word_1_1' title='bbox 643 148 746 176; x_wconf 73' lang='lat' dir='ltr'>DlAL.</span> <span class='ocrx_word' id='word_1_2' title='bbox 774 149 827 176; x_wconf 80' lang='lat'>111.</span> <span class='ocrx_word' id='word_1_3' title='bbox 858 149 907 174; x_wconf 74' lang='lat' dir='ltr'>DE</span> <span class='ocrx_word' id='word_1_4' title='bbox 934 149 1001 174; x_wconf 74' lang='lat' dir='ltr'>IRA</span> <span class='ocrx_word' id='word_1_5' title='bbox 1031 148 1101 175; x_wconf 79' lang='lat' dir='ltr'>Llss.</span> <span class='ocrx_word' id='word_1_6' title='bbox 1129 148 1151 176; x_wconf 85' lang='lat'>1.</span> <span class='ocrx_word' id='word_1_7' title='bbox 1178 150 1203 174; x_wconf 74' lang='lat'>(5.</span> <span class='ocrx_word' id='word_1_8' title='bbox 1683 152 1731 188; x_wconf 74' lang='lat'>41</span> 
     </span>
    </p>
   </div>
   <div class='ocr_carea' id='block_1_2' title="bbox 112 245 1739 441">
    <p class='ocr_par' dir='ltr' id='par_1_2' title="bbox 112 245 1739 441">
     <span class='ocr_line' id='line_1_2' title="bbox 232 245 1736 298; baseline -0.002 -12"><span class='ocrx_word' id='word_1_9' title='bbox 232 247 303 286; x_wconf 86' lang='lat' dir='ltr'>VI.</span> <span class='ocrx_word' id='word_1_10' title='bbox 368 245 482 298; x_wconf 77' lang='lat' dir='ltr'>Quid</span> <span class='ocrx_word' id='word_1_11' title='bbox 524 248 652 297; x_wconf 83' lang='lat' dir='ltr'>ergo?</span> <span class='ocrx_word' id='word_1_12' title='bbox 714 259 798 284; x_wconf 90' lang='lat' dir='ltr'>non</span> <span class='ocrx_word' id='word_1_13' title='bbox 842 245 1065 297; x_wconf 88' lang='lat' dir='ltr'>aliquando</span> <span class='ocrx_word' id='word_1_14' title='bbox 1118 245 1334 296; x_wconf 80' lang='lat' dir='ltr'>castigatio</span> <span class='ocrx_word' id='word_1_15' title='bbox 1380 245 1609 284; x_wconf 82' lang='lat' dir='ltr'>necessaria</span> <span class='ocrx_word' id='word_1_16' title='bbox 1648 247 1736 283; x_wconf 83' lang='lat' dir='ltr'>est?</span> 
     </span>
     <span class='ocr_line' id='line_1_3' title="bbox 112 315 1738 371; baseline -0.002 -14"><span class='ocrx_word' id='word_1_17' title='bbox 112 318 281 371; x_wconf 81' lang='lat' dir='ltr'>quidni?</span> <span class='ocrx_word' id='word_1_18' title='bbox 344 317 417 356; x_wconf 87' lang='lat' dir='ltr'>sed</span> <span class='ocrx_word' id='word_1_19' title='bbox 460 316 563 355; x_wconf 90' lang='lat' dir='ltr'>haec</span> <span class='ocrx_word' id='word_1_20' title='bbox 604 316 690 354; x_wconf 89' lang='lat' dir='ltr'>sine</span> <span class='ocrx_word' id='word_1_21' title='bbox 733 316 811 363; x_wconf 84' lang='lat' dir='ltr'>ira,</span> <span class='ocrx_word' id='word_1_22' title='bbox 854 329 947 354; x_wconf 87' lang='lat' dir='ltr'>cum</span> <span class='ocrx_word' id='word_1_23' title='bbox 992 315 1161 354; x_wconf 87' lang='lat' dir='ltr'>ratione.</span> <span class='ocrx_word' id='word_1_24' title='bbox 1225 328 1310 354; x_wconf 92' lang='lat' dir='ltr'>non</span> <span class='ocrx_word' id='word_1_25' title='bbox 1353 316 1460 354; x_wconf 88' lang='lat' dir='ltr'>enim</span> <span class='ocrx_word' id='word_1_26' title='bbox 1494 321 1629 362; x_wconf 88' lang='lat' dir='ltr'>nocet,</span> <span class='ocrx_word' id='word_1_27' title='bbox 1662 315 1738 353; x_wconf 80' lang='lat' dir='ltr'>sed</span> 
     </span>
     <span class='ocr_line' id='line_1_4' title="bbox 113 370 1739 441; baseline -0.003 -13"><span class='ocrx_word' id='word_1_28' title='bbox 113 370 306 428; x_wconf 63' lang='lat' dir='ltr'>meise&#39;tisr</span> <span class='ocrx_word' id='word_1_29' title='bbox 337 388 475 440; x_wconf 90' lang='lat' dir='ltr'>specie</span> <span class='ocrx_word' id='word_1_30' title='bbox 506 387 696 426; x_wconf 90' lang='lat' dir='ltr'>nocendi.</span> <span class='ocrx_word' id='word_1_31' title='bbox 749 387 1110 437; x_wconf 79' lang='lat' dir='ltr'>quemadmodum</span> <span class='ocrx_word' id='word_1_32' title='bbox 1139 388 1346 441; x_wconf 79' lang='lat' dir='ltr'>quaedam</span> <span class='ocrx_word' id='word_1_33' title='bbox 1380 386 1539 425; x_wconf 88' lang='lat' dir='ltr'>hastilia</span> <span class='ocrx_word' id='word_1_34' title='bbox 1571 386 1739 424; x_wconf 79' lang='lat' dir='ltr'>detorta</span> 
     </span>
    </p>
   </div>
   <div class='ocr_carea' id='block_1_3' title="bbox 112 456 1738 535">
    <p class='ocr_par' dir='ltr' id='par_1_3' title="bbox 112 456 1738 535">
     <span class='ocr_line' id='line_1_5' title="bbox 112 456 1738 535; baseline -0.003 -37"><span class='ocrx_word' id='word_1_35' title='bbox 112 466 157 498; x_wconf 90' lang='lat' dir='ltr'>ut</span> <span class='ocrx_word' id='word_1_36' title='bbox 199 459 454 510; x_wconf 80' lang='lat' dir='ltr'>corrigamus</span> <span class='ocrx_word' id='word_1_37' title='bbox 496 457 707 496; x_wconf 80' lang='lat' dir='ltr'>adurimus</span> <span class='ocrx_word' id='word_1_38' title='bbox 750 457 990 535; x_wconf 45' lang='lat' dir='ltr'>etsadasstis</span> <span class='ocrx_word' id='word_1_39' title='bbox 1026 457 1163 525; x_wconf 55' lang='lat' dir='ltr'>cuneig</span> <span class='ocrx_word' id='word_1_40' title='bbox 1201 470 1284 495; x_wconf 90' lang='lat' dir='ltr'>non</span> <span class='ocrx_word' id='word_1_41' title='bbox 1317 463 1361 495; x_wconf 88' lang='lat' dir='ltr'>ut</span> <span class='ocrx_word' id='word_1_42' title='bbox 1394 456 1632 508; x_wconf 78' lang='lat' dir='ltr'>frangamus</span> <span class='ocrx_word' id='word_1_43' title='bbox 1663 456 1738 494; x_wconf 88' lang='lat' dir='ltr'>sed</span> 
     </span>
    </p>
   </div>
   <div class='ocr_carea' id='block_1_4' title="bbox 112 512 1772 581">
    <p class='ocr_par' dir='ltr' id='par_1_4' title="bbox 112 512 1772 581">
     <span class='ocr_line' id='line_1_6' title="bbox 112 512 1772 581; baseline -0.001 -12"><span class='ocrx_word' id='word_1_44' title='bbox 112 536 157 569; x_wconf 92' lang='lat' dir='ltr'>ut</span> <span class='ocrx_word' id='word_1_45' title='bbox 202 528 458 581; x_wconf 78' lang='lat' dir='ltr'>explicemus</span> <span class='ocrx_word' id='word_1_46' title='bbox 487 527 710 581; x_wconf 43' lang='lat' dir='ltr'>xelidimus,</span> <span class='ocrx_word' id='word_1_47' title='bbox 753 528 810 566; x_wconf 91' lang='lat' dir='ltr'>sic</span> <span class='ocrx_word' id='word_1_48' title='bbox 853 521 1035 578; x_wconf 29' lang='lat' dir='ltr'>ingenia!</span> <span class='ocrx_word' id='word_1_49' title='bbox 1058 527 1156 566; x_wconf 88' lang='lat' dir='ltr'>uitio</span> <span class='ocrx_word' id='word_1_50' title='bbox 1199 514 1328 578; x_wconf 60' lang='lat' dir='ltr'>praua</span> <span class='ocrx_word' id='word_1_51' title='bbox 1371 512 1518 566; x_wconf 51' lang='lat' dir='ltr'>dolcire</span> <span class='ocrx_word' id='word_1_52' title='bbox 1550 514 1772 578; x_wconf 51' lang='lat' dir='ltr'>coiporisa</span> 
     </span>
    </p>
   </div>
   <div class='ocr_carea' id='block_1_5' title="bbox 109 596 1743 1145">
    <p class='ocr_par' dir='ltr' id='par_1_5' title="bbox 109 596 1743 1145">
     <span class='ocr_line' id='line_1_7' title="bbox 112 596 1738 651; baseline -0.002 -13"><span class='ocrx_word' id='word_1_53' title='bbox 112 600 318 651; x_wconf 72' lang='lat' dir='ltr'>animique</span> <span class='ocrx_word' id='word_1_54' title='bbox 361 599 616 650; x_wconf 73' lang='lat' dir='ltr'>corrigimus.</span> <span class='ocrx_word' id='word_1_55' title='bbox 689 611 843 649; x_wconf 86' lang='lat' dir='ltr'>nempe</span> <span class='ocrx_word' id='word_1_56' title='bbox 904 598 1090 636; x_wconf 88' lang='lat' dir='ltr'>medicus</span> <span class='ocrx_word' id='word_1_57' title='bbox 1142 598 1276 648; x_wconf 90' lang='lat' dir='ltr'>primo</span> <span class='ocrx_word' id='word_1_58' title='bbox 1331 598 1369 636; x_wconf 92' lang='lat' dir='ltr'>in</span> <span class='ocrx_word' id='word_1_59' title='bbox 1421 597 1582 636; x_wconf 89' lang='lat' dir='ltr'>leuibus</span> <span class='ocrx_word' id='word_1_60' title='bbox 1635 596 1738 635; x_wconf 82' lang='lat' dir='ltr'>uitiis</span> 
     </span>
     <span class='ocr_line' id='line_1_8' title="bbox 111 667 1738 722; baseline -0.002 -12"><span class='ocrx_word' id='word_1_61' title='bbox 111 676 291 722; x_wconf 90' lang='lat' dir='ltr'>temptat</span> <span class='ocrx_word' id='word_1_62' title='bbox 323 683 406 708; x_wconf 91' lang='lat' dir='ltr'>non</span> <span class='ocrx_word' id='word_1_63' title='bbox 440 669 617 708; x_wconf 91' lang='lat' dir='ltr'>multum</span> <span class='ocrx_word' id='word_1_64' title='bbox 650 682 705 708; x_wconf 90' lang='lat' dir='ltr'>ex</span> <span class='ocrx_word' id='word_1_65' title='bbox 739 668 947 707; x_wconf 91' lang='lat' dir='ltr'>cotidiana</span> <span class='ocrx_word' id='word_1_66' title='bbox 979 668 1278 707; x_wconf 91' lang='lat' dir='ltr'>consuetudine</span> <span class='ocrx_word' id='word_1_67' title='bbox 1310 667 1521 707; x_wconf 82' lang='lat' dir='ltr'>inflectere</span> <span class='ocrx_word' id='word_1_68' title='bbox 1554 675 1595 707; x_wconf 92' lang='lat' dir='ltr'>et</span> <span class='ocrx_word' id='word_1_69' title='bbox 1628 667 1738 713; x_wconf 72' lang='lat' dir='ltr'>cibis,</span> 
     </span>
     <span class='ocr_line' id='line_1_9' title="bbox 110 738 1739 794; baseline -0.002 -14"><span class='ocrx_word' id='word_1_70' title='bbox 110 740 362 794; x_wconf 88' lang='lat' dir='ltr'>potionibus,</span> <span class='ocrx_word' id='word_1_71' title='bbox 387 739 755 779; x_wconf 80' lang='lat' dir='ltr'>exercitationibus</span> <span class='ocrx_word' id='word_1_72' title='bbox 778 738 968 777; x_wconf 88' lang='lat' dir='ltr'>ordinem</span> <span class='ocrx_word' id='word_1_73' title='bbox 992 738 1191 790; x_wconf 90' lang='lat' dir='ltr'>inponere</span> <span class='ocrx_word' id='word_1_74' title='bbox 1214 751 1262 777; x_wconf 91' lang='lat' dir='ltr'>ac</span> <span class='ocrx_word' id='word_1_75' title='bbox 1285 738 1553 777; x_wconf 89' lang='lat' dir='ltr'>ualitudinem</span> <span class='ocrx_word' id='word_1_76' title='bbox 1577 745 1739 777; x_wconf 84' lang='lat' dir='ltr'>tantum</span> 
     </span>
     <span class='ocr_line' id='line_1_10' title="bbox 111 808 1737 862; baseline -0.001 -12"><span class='ocrx_word' id='word_1_77' title='bbox 111 817 273 851; x_wconf 88' lang='lat' dir='ltr'>mutata</span> <span class='ocrx_word' id='word_1_78' title='bbox 305 811 415 850; x_wconf 88' lang='lat' dir='ltr'>uitae</span> <span class='ocrx_word' id='word_1_79' title='bbox 448 811 717 862; x_wconf 81' lang='lat' dir='ltr'>dispositione</span> <span class='ocrx_word' id='word_1_80' title='bbox 759 808 933 847; x_wconf 88' lang='lat' dir='ltr'>firmare.</span> <span class='ocrx_word' id='word_1_81' title='bbox 998 809 1240 860; x_wconf 87' lang='lat' dir='ltr'>proximum</span> <span class='ocrx_word' id='word_1_82' title='bbox 1273 815 1347 857; x_wconf 82' lang='lat' dir='ltr'>est,</span> <span class='ocrx_word' id='word_1_83' title='bbox 1382 815 1425 847; x_wconf 92' lang='lat' dir='ltr'>ut</span> <span class='ocrx_word' id='word_1_84' title='bbox 1458 810 1610 848; x_wconf 85' lang='lat' dir='ltr'>modus</span> <span class='ocrx_word' id='word_1_85' title='bbox 1641 822 1737 860; x_wconf 89' lang='lat' dir='ltr'>pro-</span> 
     </span>
     <span class='ocr_line' id='line_1_11' title="bbox 110 878 1736 931; baseline -0.002 -10"><span class='ocrx_word' id='word_1_86' title='bbox 110 882 230 922; x_wconf 84' lang='lat' dir='ltr'>ficiat.</span> <span class='ocrx_word' id='word_1_87' title='bbox 292 882 325 921; x_wconf 90' lang='lat' dir='ltr'>si</span> <span class='ocrx_word' id='word_1_88' title='bbox 359 882 511 920; x_wconf 89' lang='lat' dir='ltr'>modus</span> <span class='ocrx_word' id='word_1_89' title='bbox 545 888 585 920; x_wconf 94' lang='lat' dir='ltr'>et</span> <span class='ocrx_word' id='word_1_90' title='bbox 617 881 724 919; x_wconf 91' lang='lat' dir='ltr'>ordo</span> <span class='ocrx_word' id='word_1_91' title='bbox 757 893 841 918; x_wconf 95' lang='lat' dir='ltr'>non</span> <span class='ocrx_word' id='word_1_92' title='bbox 874 878 1058 931; x_wconf 87' lang='lat' dir='ltr'>proficit,</span> <span class='ocrx_word' id='word_1_93' title='bbox 1097 880 1290 918; x_wconf 84' lang='lat' dir='ltr'>subducit</span> <span class='ocrx_word' id='word_1_94' title='bbox 1323 880 1457 931; x_wconf 90' lang='lat' dir='ltr'>aliqua</span> <span class='ocrx_word' id='word_1_95' title='bbox 1490 885 1532 918; x_wconf 86' lang='lat' dir='ltr'>et</span> <span class='ocrx_word' id='word_1_96' title='bbox 1564 880 1736 918; x_wconf 90' lang='lat' dir='ltr'>circum-</span> 
     </span>
     <span class='ocr_line' id='line_1_12' title="bbox 110 950 1743 1003; baseline -0.002 -11"><span class='ocrx_word' id='word_1_97' title='bbox 110 953 218 992; x_wconf 90' lang='lat' dir='ltr'>cidit.</span> <span class='ocrx_word' id='word_1_98' title='bbox 281 952 313 991; x_wconf 92' lang='lat' dir='ltr'>si</span> <span class='ocrx_word' id='word_1_99' title='bbox 345 965 397 991; x_wconf 90' lang='lat' dir='ltr'>ne</span> <span class='ocrx_word' id='word_1_100' title='bbox 430 951 511 990; x_wconf 92' lang='lat' dir='ltr'>hoc</span> <span class='ocrx_word' id='word_1_101' title='bbox 543 952 712 1003; x_wconf 81' lang='lat' dir='ltr'>quidem</span> <span class='ocrx_word' id='word_1_102' title='bbox 746 950 996 1002; x_wconf 83' lang='lat' dir='ltr'>respondet,</span> <span class='ocrx_word' id='word_1_103' title='bbox 1038 950 1243 990; x_wconf 89' lang='lat' dir='ltr'>interdicit</span> <span class='ocrx_word' id='word_1_104' title='bbox 1276 950 1376 989; x_wconf 83' lang='lat' dir='ltr'>cibis</span> <span class='ocrx_word' id='word_1_105' title='bbox 1417 956 1458 989; x_wconf 91' lang='lat' dir='ltr'>et</span> <span class='ocrx_word' id='word_1_106' title='bbox 1490 950 1743 989; x_wconf 66' lang='lat' dir='ltr'>abstinentia</span> 
     </span>
     <span class='ocr_line' id='line_1_13' title="bbox 110 1020 1735 1074; baseline -0.002 -12"><span class='ocrx_word' id='word_1_107' title='bbox 110 1036 262 1074; x_wconf 83' lang='lat' dir='ltr'>corpus</span> <span class='ocrx_word' id='word_1_108' title='bbox 306 1028 520 1061; x_wconf 80' lang='lat' dir='ltr'>exonerat.</span> <span class='ocrx_word' id='word_1_109' title='bbox 584 1022 615 1060; x_wconf 91' lang='lat' dir='ltr'>si</span> <span class='ocrx_word' id='word_1_110' title='bbox 649 1021 797 1061; x_wconf 82' lang='lat' dir='ltr'>frustra</span> <span class='ocrx_word' id='word_1_111' title='bbox 829 1020 1019 1060; x_wconf 87' lang='lat' dir='ltr'>molliora</span> <span class='ocrx_word' id='word_1_112' title='bbox 1052 1026 1276 1069; x_wconf 87' lang='lat' dir='ltr'>cesserunt,</span> <span class='ocrx_word' id='word_1_113' title='bbox 1309 1021 1400 1060; x_wconf 85' lang='lat' dir='ltr'>ferit</span> <span class='ocrx_word' id='word_1_114' title='bbox 1433 1034 1583 1068; x_wconf 81' lang='lat' dir='ltr'>uenam</span> <span class='ocrx_word' id='word_1_115' title='bbox 1606 1034 1735 1059; x_wconf 91' lang='lat' dir='ltr'>mem-</span> 
     </span>
     <span class='ocr_line' id='line_1_14' title="bbox 109 1090 1735 1145; baseline -0.002 -12"><span class='ocrx_word' id='word_1_116' title='bbox 109 1094 287 1145; x_wconf 88' lang='lat' dir='ltr'>brisque,</span> <span class='ocrx_word' id='word_1_117' title='bbox 321 1093 353 1132; x_wconf 90' lang='lat' dir='ltr'>si</span> <span class='ocrx_word' id='word_1_118' title='bbox 375 1092 644 1132; x_wconf 86' lang='lat' dir='ltr'>adhaerentia</span> <span class='ocrx_word' id='word_1_119' title='bbox 666 1100 819 1132; x_wconf 90' lang='lat' dir='ltr'>nocent</span> <span class='ocrx_word' id='word_1_120' title='bbox 842 1100 881 1131; x_wconf 91' lang='lat' dir='ltr'>et</span> <span class='ocrx_word' id='word_1_121' title='bbox 912 1094 1106 1131; x_wconf 87' lang='lat' dir='ltr'>morbum</span> <span class='ocrx_word' id='word_1_122' title='bbox 1136 1091 1374 1130; x_wconf 85' lang='lat' dir='ltr'>diffundunt</span> <span class='ocrx_word' id='word_1_123' title='bbox 1407 1105 1553 1131; x_wconf 87' lang='lat' dir='ltr'>manus</span> <span class='ocrx_word' id='word_1_124' title='bbox 1587 1090 1735 1130; x_wconf 86' lang='lat' dir='ltr'>adfert:</span> 
     </span>
    </p>
   </div>
   <div class='ocr_carea' id='block_1_6' title="bbox 62 1161 1741 1211">
    <p class='ocr_par' dir='ltr' id='par_1_6' title="bbox 62 1161 1741 1211">
     <span class='ocr_line' id='line_1_15' title="bbox 62 1161 1741 1211; baseline -0.002 -7"><span class='ocrx_word' id='word_1_125' title='bbox 62 1173 81 1207; x_wconf 70' lang='grc'><strong>3</strong></span> <span class='ocrx_word' id='word_1_126' title='bbox 109 1178 186 1203; x_wconf 89' lang='lat' dir='ltr'>nec</span> <span class='ocrx_word' id='word_1_127' title='bbox 228 1163 310 1203; x_wconf 91' lang='lat' dir='ltr'>ulla</span> <span class='ocrx_word' id='word_1_128' title='bbox 350 1164 455 1202; x_wconf 89' lang='lat' dir='ltr'>dura</span> <span class='ocrx_word' id='word_1_129' title='bbox 505 1163 668 1202; x_wconf 90' lang='lat' dir='ltr'>uidetur</span> <span class='ocrx_word' id='word_1_130' title='bbox 700 1163 878 1211; x_wconf 86' lang='lat' dir='ltr'>curatio,</span> <span class='ocrx_word' id='word_1_131' title='bbox 931 1163 1043 1201; x_wconf 87' lang='lat' dir='ltr'>cuius</span> <span class='ocrx_word' id='word_1_132' title='bbox 1085 1162 1272 1201; x_wconf 83' lang='lat' dir='ltr'>salutaris</span> <span class='ocrx_word' id='word_1_133' title='bbox 1315 1161 1489 1201; x_wconf 82' lang='lat' dir='ltr'>effectus</span> <span class='ocrx_word' id='word_1_134' title='bbox 1542 1168 1615 1201; x_wconf 87' lang='lat' dir='ltr'>est.</span> <span class='ocrx_word' id='word_1_135' title='bbox 1688 1163 1741 1200; x_wconf 90' lang='lat' dir='ltr'>ita</span> 
     </span>
    </p>
   </div>
   <div class='ocr_carea' id='block_1_7' title="bbox 106 1231 1742 2414">
    <p class='ocr_par' dir='ltr' id='par_1_7' title="bbox 106 1231 1742 2414">
     <span class='ocr_line' id='line_1_16' title="bbox 108 1231 1739 1287; baseline -0.002 -14"><span class='ocrx_word' id='word_1_136' title='bbox 108 1234 250 1287; x_wconf 85' lang='lat' dir='ltr'>legum</span> <span class='ocrx_word' id='word_1_137' title='bbox 303 1234 540 1286; x_wconf 88' lang='lat' dir='ltr'>praesidem</span> <span class='ocrx_word' id='word_1_138' title='bbox 594 1234 851 1285; x_wconf 87' lang='lat' dir='ltr'>ciuitatisque</span> <span class='ocrx_word' id='word_1_139' title='bbox 904 1231 1111 1272; x_wconf 85' lang='lat' dir='ltr'>rectorem</span> <span class='ocrx_word' id='word_1_140' title='bbox 1157 1233 1290 1280; x_wconf 88' lang='lat' dir='ltr'>decet,</span> <span class='ocrx_word' id='word_1_141' title='bbox 1342 1233 1540 1284; x_wconf 87' lang='lat' dir='ltr'>quamdiu</span> <span class='ocrx_word' id='word_1_142' title='bbox 1587 1238 1739 1285; x_wconf 68' lang='lat' dir='ltr'>potest,</span> 
     </span>
     <span class='ocr_line' id='line_1_17' title="bbox 108 1302 1742 1355; baseline -0.002 -11"><span class='ocrx_word' id='word_1_143' title='bbox 108 1305 245 1344; x_wconf 87' lang='lat' dir='ltr'>uerbis</span> <span class='ocrx_word' id='word_1_144' title='bbox 299 1311 341 1344; x_wconf 93' lang='lat' dir='ltr'>et</span> <span class='ocrx_word' id='word_1_145' title='bbox 393 1304 454 1343; x_wconf 89' lang='lat' dir='ltr'>his</span> <span class='ocrx_word' id='word_1_146' title='bbox 507 1303 764 1343; x_wconf 89' lang='lat' dir='ltr'>mollioribus</span> <span class='ocrx_word' id='word_1_147' title='bbox 816 1304 980 1355; x_wconf 90' lang='lat' dir='ltr'>ingenia</span> <span class='ocrx_word' id='word_1_148' title='bbox 1033 1317 1187 1351; x_wconf 88' lang='lat' dir='ltr'>curare,</span> <span class='ocrx_word' id='word_1_149' title='bbox 1240 1309 1284 1342; x_wconf 90' lang='lat' dir='ltr'>ut</span> <span class='ocrx_word' id='word_1_150' title='bbox 1327 1302 1517 1342; x_wconf 86' lang='lat' dir='ltr'>facienda</span> <span class='ocrx_word' id='word_1_151' title='bbox 1568 1303 1742 1341; x_wconf 88' lang='lat' dir='ltr'>suadeat</span> 
     </span>
     <span class='ocr_line' id='line_1_18' title="bbox 109 1373 1741 1428; baseline -0.002 -13"><span class='ocrx_word' id='word_1_152' title='bbox 109 1375 466 1428; x_wconf 84' lang='lat' dir='ltr'>cupiditatemque</span> <span class='ocrx_word' id='word_1_153' title='bbox 498 1375 663 1414; x_wconf 88' lang='lat' dir='ltr'>honesti</span> <span class='ocrx_word' id='word_1_154' title='bbox 695 1382 736 1414; x_wconf 92' lang='lat' dir='ltr'>et</span> <span class='ocrx_word' id='word_1_155' title='bbox 769 1375 888 1426; x_wconf 90' lang='lat' dir='ltr'>aequi</span> <span class='ocrx_word' id='word_1_156' title='bbox 920 1373 1110 1413; x_wconf 90' lang='lat' dir='ltr'>conciliet</span> <span class='ocrx_word' id='word_1_157' title='bbox 1143 1375 1287 1413; x_wconf 89' lang='lat' dir='ltr'>animis</span> <span class='ocrx_word' id='word_1_158' title='bbox 1311 1373 1515 1425; x_wconf 86' lang='lat' dir='ltr'>faciatque</span> <span class='ocrx_word' id='word_1_159' title='bbox 1548 1374 1741 1412; x_wconf 89' lang='lat' dir='ltr'>uitiorum</span> 
     </span>
     <span class='ocr_line' id='line_1_19' title="bbox 109 1444 1741 1498; baseline -0.002 -13"><span class='ocrx_word' id='word_1_160' title='bbox 109 1447 263 1494; x_wconf 91' lang='lat' dir='ltr'>odium,</span> <span class='ocrx_word' id='word_1_161' title='bbox 296 1447 475 1498; x_wconf 80' lang='lat' dir='ltr'>pretium</span> <span class='ocrx_word' id='word_1_162' title='bbox 500 1447 734 1493; x_wconf 75' lang='lat' dir='ltr'>uirtutium3</span> <span class='ocrx_word' id='word_1_163' title='bbox 772 1451 956 1484; x_wconf 88' lang='lat' dir='ltr'>transeat</span> <span class='ocrx_word' id='word_1_164' title='bbox 979 1445 1131 1484; x_wconf 89' lang='lat' dir='ltr'>deinde</span> <span class='ocrx_word' id='word_1_165' title='bbox 1163 1446 1218 1484; x_wconf 92' lang='lat' dir='ltr'>ad</span> <span class='ocrx_word' id='word_1_166' title='bbox 1240 1444 1463 1484; x_wconf 89' lang='lat' dir='ltr'>tristiorem</span> <span class='ocrx_word' id='word_1_167' title='bbox 1497 1444 1741 1488; x_wconf 87' lang='lat' dir='ltr'>orationem,</span> 
     </span>
     <span class='ocr_line' id='line_1_20' title="bbox 109 1514 1742 1569; baseline -0.001 -14"><span class='ocrx_word' id='word_1_168' title='bbox 109 1530 190 1569; x_wconf 88' lang='lat' dir='ltr'>qua</span> <span class='ocrx_word' id='word_1_169' title='bbox 231 1522 402 1555; x_wconf 90' lang='lat' dir='ltr'>moneat</span> <span class='ocrx_word' id='word_1_170' title='bbox 446 1516 584 1555; x_wconf 86' lang='lat' dir='ltr'>adhuc</span> <span class='ocrx_word' id='word_1_171' title='bbox 627 1522 668 1555; x_wconf 90' lang='lat' dir='ltr'>et</span> <span class='ocrx_word' id='word_1_172' title='bbox 708 1516 959 1568; x_wconf 69' lang='lat' dir='ltr'>exprobret,</span> <span class='ocrx_word' id='word_1_173' title='bbox 1015 1516 1239 1554; x_wconf 85' lang='lat' dir='ltr'>nouissime</span> <span class='ocrx_word' id='word_1_174' title='bbox 1282 1516 1335 1554; x_wconf 89' lang='lat' dir='ltr'>ad</span> <span class='ocrx_word' id='word_1_175' title='bbox 1373 1529 1532 1568; x_wconf 91' lang='lat' dir='ltr'>poenas</span> <span class='ocrx_word' id='word_1_176' title='bbox 1576 1521 1616 1553; x_wconf 88' lang='lat' dir='ltr'>et</span> <span class='ocrx_word' id='word_1_177' title='bbox 1667 1514 1742 1552; x_wconf 80' lang='lat' dir='ltr'>has</span> 
     </span>
     <span class='ocr_line' id='line_1_21' title="bbox 111 1585 1739 1638; baseline -0.002 -12"><span class='ocrx_word' id='word_1_178' title='bbox 111 1587 249 1627; x_wconf 89' lang='lat' dir='ltr'>adhuc</span> <span class='ocrx_word' id='word_1_179' title='bbox 281 1586 393 1631; x_wconf 85' lang='lat' dir='ltr'>leues</span> <span class='ocrx_word' id='word_1_180' title='bbox 437 1592 478 1625; x_wconf 92' lang='lat' dir='ltr'>et</span> <span class='ocrx_word' id='word_1_181' title='bbox 522 1586 779 1625; x_wconf 89' lang='lat' dir='ltr'>reuocabiles</span> <span class='ocrx_word' id='word_1_182' title='bbox 823 1587 1035 1633; x_wconf 81' lang='lat' dir='ltr'>decurrat3</span> <span class='ocrx_word' id='word_1_183' title='bbox 1092 1585 1236 1624; x_wconf 87' lang='lat' dir='ltr'>ultima</span> <span class='ocrx_word' id='word_1_184' title='bbox 1278 1585 1476 1638; x_wconf 88' lang='lat' dir='ltr'>supplicia</span> <span class='ocrx_word' id='word_1_185' title='bbox 1517 1585 1739 1624; x_wconf 85' lang='lat' dir='ltr'>sceleribus</span> 
     </span>
     <span class='ocr_line' id='line_1_22' title="bbox 112 1643 1740 1709; baseline -0.002 -13"><span class='ocrx_word' id='word_1_186' title='bbox 112 1643 264 1697; x_wconf 71' lang='lat' dir='ltr'>ultimis</span> <span class='ocrx_word' id='word_1_187' title='bbox 296 1663 448 1709; x_wconf 87' lang='lat' dir='ltr'>ponat,</span> <span class='ocrx_word' id='word_1_188' title='bbox 494 1663 537 1695; x_wconf 92' lang='lat' dir='ltr'>ut</span> <span class='ocrx_word' id='word_1_189' title='bbox 578 1670 704 1696; x_wconf 88' lang='lat' dir='ltr'>nemo</span> <span class='ocrx_word' id='word_1_190' title='bbox 737 1663 899 1708; x_wconf 89' lang='lat' dir='ltr'>pereat,</span> <span class='ocrx_word' id='word_1_191' title='bbox 941 1657 1014 1695; x_wconf 90' lang='lat' dir='ltr'>nisi</span> <span class='ocrx_word' id='word_1_192' title='bbox 1048 1669 1174 1707; x_wconf 91' lang='lat' dir='ltr'>quem</span> <span class='ocrx_word' id='word_1_193' title='bbox 1207 1656 1340 1707; x_wconf 92' lang='lat' dir='ltr'>perire</span> <span class='ocrx_word' id='word_1_194' title='bbox 1373 1657 1498 1695; x_wconf 91' lang='lat' dir='ltr'>etiam</span> <span class='ocrx_word' id='word_1_195' title='bbox 1530 1655 1740 1707; x_wconf 88' lang='lat' dir='ltr'>pereuntis</span> 
     </span>
     <span class='ocr_line' id='line_1_23' title="bbox 110 1726 1740 1778; baseline -0.002 -11"><span class='ocrx_word' id='word_1_196' title='bbox 110 1729 278 1767; x_wconf 88' lang='lat' dir='ltr'>intersit.</span> <span class='ocrx_word' id='word_1_197' title='bbox 327 1727 409 1766; x_wconf 91' lang='lat' dir='ltr'>hoc</span> <span class='ocrx_word' id='word_1_198' title='bbox 441 1741 523 1766; x_wconf 92' lang='lat' dir='ltr'>uno</span> <span class='ocrx_word' id='word_1_199' title='bbox 554 1727 818 1766; x_wconf 88' lang='lat' dir='ltr'>medentibus</span> <span class='ocrx_word' id='word_1_200' title='bbox 847 1728 921 1766; x_wconf 92' lang='lat' dir='ltr'>erit</span> <span class='ocrx_word' id='word_1_201' title='bbox 955 1726 1168 1774; x_wconf 86' lang='lat' dir='ltr'>dissimilis,</span> <span class='ocrx_word' id='word_1_202' title='bbox 1201 1727 1317 1778; x_wconf 87' lang='lat' dir='ltr'>quod</span> <span class='ocrx_word' id='word_1_203' title='bbox 1349 1726 1401 1765; x_wconf 89' lang='lat' dir='ltr'>illi</span> <span class='ocrx_word' id='word_1_204' title='bbox 1429 1726 1577 1778; x_wconf 90' lang='lat' dir='ltr'>quibus</span> <span class='ocrx_word' id='word_1_205' title='bbox 1611 1727 1740 1764; x_wconf 87' lang='lat' dir='ltr'>uitam</span> 
     </span>
     <span class='ocr_line' id='line_1_24' title="bbox 110 1796 1740 1851; baseline -0.001 -14"><span class='ocrx_word' id='word_1_206' title='bbox 110 1812 193 1838; x_wconf 93' lang='lat' dir='ltr'>non</span> <span class='ocrx_word' id='word_1_207' title='bbox 226 1803 451 1851; x_wconf 88' lang='lat' dir='ltr'>potuerunt</span> <span class='ocrx_word' id='word_1_208' title='bbox 483 1797 620 1849; x_wconf 87' lang='lat' dir='ltr'>largiri</span> <span class='ocrx_word' id='word_1_209' title='bbox 652 1797 813 1836; x_wconf 87' lang='lat' dir='ltr'>facilem</span> <span class='ocrx_word' id='word_1_210' title='bbox 843 1798 1003 1836; x_wconf 87' lang='lat' dir='ltr'>exitum</span> <span class='ocrx_word' id='word_1_211' title='bbox 1036 1803 1262 1849; x_wconf 87' lang='lat' dir='ltr'>praestant,</span> <span class='ocrx_word' id='word_1_212' title='bbox 1295 1796 1361 1836; x_wconf 91' lang='lat' dir='ltr'>hic</span> <span class='ocrx_word' id='word_1_213' title='bbox 1390 1798 1612 1836; x_wconf 90' lang='lat' dir='ltr'>damnatos</span> <span class='ocrx_word' id='word_1_214' title='bbox 1645 1809 1740 1835; x_wconf 90' lang='lat' dir='ltr'>cum</span> 
     </span>
     <span class='ocr_line' id='line_1_25' title="bbox 111 1866 1740 1919; baseline -0.002 -11"><span class='ocrx_word' id='word_1_215' title='bbox 111 1870 323 1908; x_wconf 92' lang='lat' dir='ltr'>dedecore</span> <span class='ocrx_word' id='word_1_216' title='bbox 362 1874 403 1907; x_wconf 92' lang='lat' dir='ltr'>et</span> <span class='ocrx_word' id='word_1_217' title='bbox 445 1868 708 1907; x_wconf 90' lang='lat' dir='ltr'>traductione</span> <span class='ocrx_word' id='word_1_218' title='bbox 751 1869 835 1906; x_wconf 87' lang='lat' dir='ltr'>uita</span> <span class='ocrx_word' id='word_1_219' title='bbox 886 1868 1029 1919; x_wconf 80' lang='lat' dir='ltr'>exigit,</span> <span class='ocrx_word' id='word_1_220' title='bbox 1082 1881 1168 1907; x_wconf 91' lang='lat' dir='ltr'>non</span> <span class='ocrx_word' id='word_1_221' title='bbox 1210 1868 1305 1919; x_wconf 88' lang='lat' dir='ltr'>quia</span> <span class='ocrx_word' id='word_1_222' title='bbox 1354 1867 1584 1906; x_wconf 85' lang='lat' dir='ltr'>delectetur</span> <span class='ocrx_word' id='word_1_223' title='bbox 1624 1866 1740 1906; x_wconf 85' lang='lat' dir='ltr'>ullius</span> 
     </span>
     <span class='ocr_line' id='line_1_26' title="bbox 110 1937 1740 1992; baseline -0.001 -15"><span class='ocrx_word' id='word_1_224' title='bbox 110 1952 268 1992; x_wconf 90' lang='lat' dir='ltr'>poena,</span> <span class='ocrx_word' id='word_1_225' title='bbox 311 1938 456 1991; x_wconf 87' lang='lat' dir='ltr'>procul</span> <span class='ocrx_word' id='word_1_226' title='bbox 500 1944 563 1978; x_wconf 90' lang='lat' dir='ltr'>est</span> <span class='ocrx_word' id='word_1_227' title='bbox 606 1939 716 1977; x_wconf 91' lang='lat' dir='ltr'>enim</span> <span class='ocrx_word' id='word_1_228' title='bbox 759 1952 782 1977; x_wconf 93' lang='lat' dir='ltr'>a</span> <span class='ocrx_word' id='word_1_229' title='bbox 815 1939 1001 1990; x_wconf 89' lang='lat' dir='ltr'>sapiente</span> <span class='ocrx_word' id='word_1_230' title='bbox 1033 1945 1120 1977; x_wconf 86' lang='lat' dir='ltr'>tam</span> <span class='ocrx_word' id='word_1_231' title='bbox 1148 1938 1373 1977; x_wconf 84' lang='lat' dir='ltr'>inhumana</span> <span class='ocrx_word' id='word_1_232' title='bbox 1406 1937 1555 1985; x_wconf 83' lang='lat' dir='ltr'>feritas,</span> <span class='ocrx_word' id='word_1_233' title='bbox 1588 1938 1663 1976; x_wconf 89' lang='lat' dir='ltr'>sed</span> <span class='ocrx_word' id='word_1_234' title='bbox 1697 1944 1740 1975; x_wconf 91' lang='lat' dir='ltr'>ut</span> 
     </span>
     <span class='ocr_line' id='line_1_27' title="bbox 113 2008 1741 2061; baseline -0.002 -12"><span class='ocrx_word' id='word_1_235' title='bbox 113 2011 414 2049; x_wconf 89' lang='lat' dir='ltr'>documentum</span> <span class='ocrx_word' id='word_1_236' title='bbox 448 2009 635 2048; x_wconf 89' lang='lat' dir='ltr'>omnium</span> <span class='ocrx_word' id='word_1_237' title='bbox 668 2009 760 2056; x_wconf 85' lang='lat' dir='ltr'>sint,</span> <span class='ocrx_word' id='word_1_238' title='bbox 794 2014 835 2047; x_wconf 92' lang='lat' dir='ltr'>et</span> <span class='ocrx_word' id='word_1_239' title='bbox 866 2009 961 2060; x_wconf 90' lang='lat' dir='ltr'>quia</span> <span class='ocrx_word' id='word_1_240' title='bbox 991 2008 1070 2047; x_wconf 92' lang='lat' dir='ltr'>uiui</span> <span class='ocrx_word' id='word_1_241' title='bbox 1103 2008 1324 2047; x_wconf 91' lang='lat' dir='ltr'>noluerunt</span> <span class='ocrx_word' id='word_1_242' title='bbox 1356 2009 1572 2061; x_wconf 74' lang='lat' dir='ltr'>prodesse,</span> <span class='ocrx_word' id='word_1_243' title='bbox 1604 2013 1741 2046; x_wconf 87' lang='lat' dir='ltr'>morte</span> 
     </span>
     <span class='ocr_line' id='line_1_28' title="bbox 106 2078 1741 2132; baseline -0.002 -12"><span class='ocrx_word' id='word_1_244' title='bbox 106 2087 224 2121; x_wconf 72' lang='lat' dir='ltr'>vcerte</span> <span class='ocrx_word' id='word_1_245' title='bbox 277 2093 423 2119; x_wconf 91' lang='lat' dir='ltr'>eorum</span> <span class='ocrx_word' id='word_1_246' title='bbox 477 2079 711 2132; x_wconf 88' lang='lat' dir='ltr'>respublica</span> <span class='ocrx_word' id='word_1_247' title='bbox 763 2086 911 2118; x_wconf 87' lang='lat' dir='ltr'>utatur.</span> <span class='ocrx_word' id='word_1_248' title='bbox 975 2093 1060 2118; x_wconf 91' lang='lat' dir='ltr'>non</span> <span class='ocrx_word' id='word_1_249' title='bbox 1113 2086 1176 2118; x_wconf 91' lang='lat' dir='ltr'>est</span> <span class='ocrx_word' id='word_1_250' title='bbox 1229 2092 1330 2130; x_wconf 89' lang='lat' dir='ltr'>ergo</span> <span class='ocrx_word' id='word_1_251' title='bbox 1374 2086 1521 2118; x_wconf 91' lang='lat' dir='ltr'>natura</span> <span class='ocrx_word' id='word_1_252' title='bbox 1563 2078 1741 2117; x_wconf 87' lang='lat' dir='ltr'>hominis</span> 
     </span>
     <span class='ocr_line' id='line_1_29' title="bbox 112 2149 1739 2212; baseline -0.002 -22"><span class='ocrx_word' id='word_1_253' title='bbox 112 2164 275 2204; x_wconf 91' lang='lat' dir='ltr'>poenae</span> <span class='ocrx_word' id='word_1_254' title='bbox 307 2151 536 2202; x_wconf 87' lang='lat' dir='ltr'>adpetens:</span> <span class='ocrx_word' id='word_1_255' title='bbox 574 2151 670 2189; x_wconf 90' lang='lat' dir='ltr'>ideo</span> <span class='ocrx_word' id='word_1_256' title='bbox 704 2152 756 2188; x_wconf 85' lang='lat' dir='ltr'>n&#39;e</span> <span class='ocrx_word' id='word_1_257' title='bbox 788 2151 846 2212; x_wconf 49' lang='lat' dir='ltr'>&#39;rra</span> <span class='ocrx_word' id='word_1_258' title='bbox 868 2151 1037 2201; x_wconf 91' lang='lat' dir='ltr'>quidem</span> <span class='ocrx_word' id='word_1_259' title='bbox 1070 2149 1299 2189; x_wconf 89' lang='lat' dir='ltr'>secundum</span> <span class='ocrx_word' id='word_1_260' title='bbox 1324 2156 1513 2188; x_wconf 89' lang='lat' dir='ltr'>naturam</span> <span class='ocrx_word' id='word_1_261' title='bbox 1548 2149 1739 2195; x_wconf 81' lang='lat' dir='ltr'>hominis,</span> 
     </span>
     <span class='ocr_line' id='line_1_30' title="bbox 112 2219 1735 2274; baseline -0.001 -14"><span class='ocrx_word' id='word_1_262' title='bbox 112 2222 208 2274; x_wconf 87' lang='lat' dir='ltr'>quia</span> <span class='ocrx_word' id='word_1_263' title='bbox 255 2234 418 2273; x_wconf 88' lang='lat' dir='ltr'>poenae</span> <span class='ocrx_word' id='word_1_264' title='bbox 461 2222 665 2273; x_wconf 88' lang='lat' dir='ltr'>adpetens</span> <span class='ocrx_word' id='word_1_265' title='bbox 703 2220 777 2259; x_wconf 64' lang='lat' dir='ltr'>estss</span> <span class='ocrx_word' id='word_1_266' title='bbox 847 2227 889 2259; x_wconf 91' lang='lat' dir='ltr'>et</span> <span class='ocrx_word' id='word_1_267' title='bbox 941 2220 1124 2259; x_wconf 86' lang='lat' dir='ltr'>Platonis</span> <span class='ocrx_word' id='word_1_268' title='bbox 1176 2228 1469 2271; x_wconf 89' lang='lat' dir='ltr'>argumentum</span> <span class='ocrx_word' id='word_1_269' title='bbox 1523 2219 1735 2258; x_wconf 85' lang='lat' dir='ltr'>adferam:</span> 
     </span>
     <span class='ocr_line' id='line_1_31' title="bbox 111 2289 1734 2344; baseline -0.002 -14"><span class='ocrx_word' id='word_1_270' title='bbox 111 2292 212 2344; x_wconf 88' lang='lat' dir='ltr'>quid</span> <span class='ocrx_word' id='word_1_271' title='bbox 251 2291 360 2331; x_wconf 92' lang='lat' dir='ltr'>enim</span> <span class='ocrx_word' id='word_1_272' title='bbox 392 2297 517 2330; x_wconf 88' lang='lat' dir='ltr'>nocet</span> <span class='ocrx_word' id='word_1_273' title='bbox 549 2291 688 2330; x_wconf 86' lang='lat' dir='ltr'>alienis</span> <span class='ocrx_word' id='word_1_274' title='bbox 720 2291 776 2330; x_wconf 91' lang='lat' dir='ltr'>uti</span> <span class='ocrx_word' id='word_1_275' title='bbox 810 2304 864 2329; x_wconf 92' lang='lat' dir='ltr'>ex</span> <span class='ocrx_word' id='word_1_276' title='bbox 897 2297 1015 2343; x_wconf 91' lang='lat' dir='ltr'>parte</span> <span class='ocrx_word' id='word_1_277' title='bbox 1046 2304 1128 2342; x_wconf 90' lang='lat' dir='ltr'>qua</span> <span class='ocrx_word' id='word_1_278' title='bbox 1159 2298 1302 2330; x_wconf 88' lang='lat' dir='ltr'>nostra</span> <span class='ocrx_word' id='word_1_279' title='bbox 1332 2293 1454 2330; x_wconf 83' lang='lat' dir='ltr'>sunt?</span> <span class='ocrx_word' id='word_1_280' title='bbox 1500 2289 1576 2329; x_wconf 68' lang='lat' dir='ltr'>Vir</span> <span class='ocrx_word' id='word_1_281' title='bbox 1596 2290 1734 2338; x_wconf 72' lang='lat' dir='ltr'>bonus,</span> 
     </span>
     <span class='ocr_line' id='line_1_32' title="bbox 112 2361 1737 2414; baseline -0.002 -13"><span class='ocrx_word' id='word_1_282' title='bbox 112 2363 251 2414; x_wconf 88' lang='lat' dir='ltr'>inquit,</span> <span class='ocrx_word' id='word_1_283' title='bbox 285 2375 364 2400; x_wconf 77' lang='lat' dir='ltr'>non</span> <span class='ocrx_word' id='word_1_284' title='bbox 397 2361 540 2401; x_wconf 69' lang='lat' dir='ltr'>laedit.</span> <span class='ocrx_word' id='word_1_285' title='bbox 597 2368 736 2412; x_wconf 68' lang='lat' dir='ltr'>poclm</span> <span class='ocrx_word' id='word_1_286' title='bbox 770 2361 913 2402; x_wconf 73' lang='lat' dir='ltr'>laedit.</span> <span class='ocrx_word' id='word_1_287' title='bbox 976 2361 1078 2400; x_wconf 74' lang='lat' dir='ltr'>bono</span> <span class='ocrx_word' id='word_1_288' title='bbox 1111 2374 1210 2412; x_wconf 64' lang='lat' dir='ltr'>wgo</span> <span class='ocrx_word' id='word_1_289' title='bbox 1239 2368 1377 2411; x_wconf 74' lang='lat' dir='ltr'>poena</span> <span class='ocrx_word' id='word_1_290' title='bbox 1421 2375 1500 2400; x_wconf 71' lang='lat' dir='ltr'>non</span> <span class='ocrx_word' id='word_1_291' title='bbox 1543 2361 1737 2400; x_wconf 67' lang='lat' dir='ltr'>coma-nit.</span> 
     </span>
    </p>
   </div>
   <div class='ocr_carea' id='block_1_8' title="bbox 114 2523 1740 2851">
    <p class='ocr_par' dir='ltr' id='par_1_8' title="bbox 114 2523 1740 2607">
     <span class='ocr_line' id='line_1_33' title="bbox 114 2523 1740 2567; baseline -0.004 -8"><span class='ocrx_word' id='word_1_292' title='bbox 114 2528 133 2558; x_wconf 70' lang='lat'>“3</span> <span class='ocrx_word' id='word_1_293' title='bbox 161 2527 229 2557; x_wconf 74' lang='lat' dir='ltr'>Sine</span> <span class='ocrx_word' id='word_1_294' title='bbox 260 2526 307 2556; x_wconf 85' lang='lat' dir='ltr'>ira</span> <span class='ocrx_word' id='word_1_295' title='bbox 337 2524 465 2558; x_wconf 70' lang='lat' dir='ltr'>Gertz:</span> <span class='ocrx_word' id='word_1_296' title='bbox 494 2527 617 2556; x_wconf 75' lang='lat' dir='ltr'>sincera</span> <span class='ocrx_word' id='word_1_297' title='bbox 795 2528 815 2552; x_wconf 63' lang='grc' dir='ltr'>Η</span> <span class='ocrx_word' id='word_1_298' title='bbox 843 2525 1100 2556; x_wconf 76' lang='lat' dir='ltr'>acualetmlinem</span> <span class='ocrx_word' id='word_1_299' title='bbox 1281 2525 1310 2556; x_wconf 85' lang='lat' dir='ltr'>ll</span> <span class='ocrx_word' id='word_1_300' title='bbox 1343 2525 1405 2555; x_wconf 84' lang='lat' dir='ltr'>hoc</span> <span class='ocrx_word' id='word_1_301' title='bbox 1434 2523 1603 2567; x_wconf 63' lang='lat' dir='ltr'>Illadm&#39;ss:</span> <span class='ocrx_word' id='word_1_302' title='bbox 1635 2524 1740 2553; x_wconf 67' lang='lat' dir='ltr'>adhoc</span> 
     </span>
     <span class='ocr_line' id='line_1_34' title="bbox 681 2591 688 2607; baseline 0 0"><span class='ocrx_word' id='word_1_303' title='bbox 681 2591 688 2607; x_wconf 79' lang='lat' dir='ltr'>l</span> 
     </span>
    </p>

    <p class='ocr_par' dir='ltr' id='par_1_9' title="bbox 116 2618 1554 2662">
     <span class='ocr_line' id='line_1_35' title="bbox 116 2618 1554 2662; baseline -0.001 -12"><span class='ocrx_word' id='word_1_304' title='bbox 116 2620 236 2660; x_wconf 86' lang='lat' dir='ltr'>(adhue</span> <span class='ocrx_word' id='word_1_305' title='bbox 263 2618 332 2661; x_wconf 70' lang='grc' dir='ltr'>ΕΞ)</span> <span class='ocrx_word' id='word_1_306' title='bbox 531 2619 566 2651; x_wconf 48' lang='lat'>1⁸</span> <span class='ocrx_word' id='word_1_307' title='bbox 594 2620 712 2651; x_wconf 72' lang='grc'>1111111111</span> <span class='ocrx_word' id='word_1_308' title='bbox 741 2619 766 2661; x_wconf 88' lang='grc'>(1</span> <span class='ocrx_word' id='word_1_309' title='bbox 792 2629 835 2652; x_wconf 85' lang='lat' dir='ltr'>m.</span> <span class='ocrx_word' id='word_1_310' title='bbox 861 2629 919 2662; x_wconf 76' lang='lat' dir='ltr'>pr.</span> <span class='ocrx_word' id='word_1_311' title='bbox 948 2623 984 2651; x_wconf 73' lang='lat' dir='ltr'>nc</span> <span class='ocrx_word' id='word_1_312' title='bbox 1010 2618 1167 2652; x_wconf 48' lang='lat' dir='ltr'>*uidelurl</span> <span class='ocrx_word' id='word_1_313' title='bbox 1346 2619 1382 2651; x_wconf 66' lang='lat'>1¹.»</span> <span class='ocrx_word' id='word_1_314' title='bbox 1409 2620 1554 2659; x_wconf 70' lang='lat' dir='ltr'>adpenas</span> 
     </span>
    </p>

    <p class='ocr_par' dir='ltr' id='par_1_10' title="bbox 115 2676 1740 2720">
     <span class='ocr_line' id='line_1_36' title="bbox 115 2676 1740 2720; baseline -0.002 -9"><span class='ocrx_word' id='word_1_315' title='bbox 115 2677 159 2711; x_wconf 69' lang='lat'>20</span> <span class='ocrx_word' id='word_1_316' title='bbox 185 2679 215 2709; x_wconf 91' lang='lat' dir='ltr'>ul</span> <span class='ocrx_word' id='word_1_317' title='bbox 249 2679 326 2709; x_wconf 82' lang='lat' dir='ltr'>tima</span> <span class='ocrx_word' id='word_1_318' title='bbox 353 2679 376 2719; x_wconf 92' lang='lat' dir='ltr'>(l</span> <span class='ocrx_word' id='word_1_319' title='bbox 402 2677 512 2720; x_wconf 76' lang='lat' dir='ltr'>corr.)</span> <span class='ocrx_word' id='word_1_320' title='bbox 681 2679 723 2710; x_wconf 66' lang='lat'>233</span> <span class='ocrx_word' id='word_1_321' title='bbox 752 2678 924 2708; x_wconf 83' lang='lat' dir='ltr'>damnatos</span> <span class='ocrx_word' id='word_1_322' title='bbox 950 2676 1114 2710; x_wconf 69' lang='lat' dir='ltr'>Fickert:</span> <span class='ocrx_word' id='word_1_323' title='bbox 1145 2679 1257 2713; x_wconf 54' lang='lat' dir='ltr'>damam</span> <span class='ocrx_word' id='word_1_324' title='bbox 1441 2676 1481 2710; x_wconf 67' lang='grc'>21</span> <span class='ocrx_word' id='word_1_325' title='bbox 1512 2678 1579 2709; x_wconf 62' lang='lat' dir='ltr'>uin-i</span> <span class='ocrx_word' id='word_1_326' title='bbox 1608 2677 1740 2719; x_wconf 74' lang='lat' dir='ltr'>(ulrum</span> 
     </span>
    </p>

    <p class='ocr_par' dir='ltr' id='par_1_11' title="bbox 115 2734 1740 2780">
     <span class='ocr_line' id='line_1_37' title="bbox 115 2734 1740 2780; baseline -0.002 -11"><span class='ocrx_word' id='word_1_327' title='bbox 115 2735 246 2770; x_wconf 77' lang='lat' dir='ltr'>lc&#39;neola</span> <span class='ocrx_word' id='word_1_328' title='bbox 271 2747 379 2769; x_wconf 69' lang='lat' dir='ltr'>vacam</span> <span class='ocrx_word' id='word_1_329' title='bbox 402 2747 461 2780; x_wconf 77' lang='lat' dir='ltr'>pr.</span> <span class='ocrx_word' id='word_1_330' title='bbox 489 2746 535 2769; x_wconf 80' lang='grc' dir='ltr'>αη</span> <span class='ocrx_word' id='word_1_331' title='bbox 562 2734 621 2770; x_wconf 80' lang='lat' dir='ltr'>alt.</span> <span class='ocrx_word' id='word_1_332' title='bbox 650 2734 777 2769; x_wconf 74' lang='lat' dir='ltr'>addita</span> <span class='ocrx_word' id='word_1_333' title='bbox 803 2735 858 2776; x_wconf 76' lang='lat' dir='ltr'>sil,</span> <span class='ocrx_word' id='word_1_334' title='bbox 885 2736 1074 2773; x_wconf 72' lang='lat' dir='ltr'>incertum)</span> <span class='ocrx_word' id='word_1_335' title='bbox 1220 2738 1263 2769; x_wconf 65' lang='grc'>’311</span> <span class='ocrx_word' id='word_1_336' title='bbox 1291 2740 1320 2767; x_wconf 84' lang='lat' dir='ltr'>et</span> <span class='ocrx_word' id='word_1_337' title='bbox 1348 2737 1400 2776; x_wconf 82' lang='lat' dir='ltr'>qui</span> <span class='ocrx_word' id='word_1_338' title='bbox 1428 2737 1491 2767; x_wconf 84' lang='grc'>111111</span> <span class='ocrx_word' id='word_1_339' title='bbox 1509 2734 1684 2774; x_wconf 75' lang='lat' dir='ltr'>Muretus,</span> <span class='ocrx_word' id='word_1_340' title='bbox 1712 2741 1740 2765; x_wconf 87' lang='lat' dir='ltr'>et</span> 
     </span>
    </p>

    <p class='ocr_par' dir='ltr' id='par_1_12' title="bbox 115 2794 1738 2851">
     <span class='ocr_line' id='line_1_38' title="bbox 115 2794 1738 2851; baseline 0.002 -16"><span class='ocrx_word' id='word_1_341' title='bbox 115 2807 190 2847; x_wconf 77' lang='lat' dir='ltr'>quia</span> <span class='ocrx_word' id='word_1_342' title='bbox 216 2807 278 2837; x_wconf 90' lang='lat' dir='ltr'>uiui</span> <span class='ocrx_word' id='word_1_343' title='bbox 310 2805 446 2851; x_wconf 77' lang='lat' dir='ltr'>Haupt:</span> <span class='ocrx_word' id='word_1_344' title='bbox 477 2812 506 2838; x_wconf 86' lang='lat' dir='ltr'>et</span> <span class='ocrx_word' id='word_1_345' title='bbox 533 2807 586 2848; x_wconf 88' lang='lat' dir='ltr'>qui</span> <span class='ocrx_word' id='word_1_346' title='bbox 613 2807 709 2837; x_wconf 82' lang='lat' dir='ltr'>alicui</span> <span class='ocrx_word' id='word_1_347' title='bbox 853 2807 897 2838; x_wconf 47' lang='lat'>2⁵⁸</span> <span class='ocrx_word' id='word_1_348' title='bbox 924 2810 958 2839; x_wconf 77' lang='lat' dir='ltr'>et</span> <span class='ocrx_word' id='word_1_349' title='bbox 983 2808 1025 2839; x_wconf 57' lang='grc' dir='ltr'>ΒΕ)</span> <span class='ocrx_word' id='word_1_350' title='bbox 1052 2817 1134 2847; x_wconf 74' lang='lat' dir='ltr'>pene</span> <span class='ocrx_word' id='word_1_351' title='bbox 1282 2808 1326 2839; x_wconf 59' lang='grc'>’211</span> <span class='ocrx_word' id='word_1_352' title='bbox 1353 2794 1467 2847; x_wconf 56' lang='lat' dir='ltr'>adseri-t</span> <span class='ocrx_word' id='word_1_353' title='bbox 1494 2806 1523 2847; x_wconf 74' lang='lat' dir='ltr'>(f</span> <span class='ocrx_word' id='word_1_354' title='bbox 1544 2804 1738 2850; x_wconf 74' lang='lat' dir='ltr'>superscr.)</span> 
     </span>
    </p>
   </div>
   <div class='ocr_carea' id='block_1_9' title="bbox 258 2864 1335 2909">
    <p class='ocr_par' dir='ltr' id='par_1_13' title="bbox 258 2864 1335 2909">
     <span class='ocr_line' id='line_1_39' title="bbox 258 2864 1335 2909; baseline 0.004 -15"><span class='ocrx_word' id='word_1_355' title='bbox 258 2865 295 2897; x_wconf 67' lang='lat'>:51</span> <span class='ocrx_word' id='word_1_356' title='bbox 327 2865 473 2896; x_wconf 81' lang='lat' dir='ltr'>nonledit</span> <span class='ocrx_word' id='word_1_357' title='bbox 618 2875 701 2905; x_wconf 84' lang='lat' dir='ltr'>pena</span> <span class='ocrx_word' id='word_1_358' title='bbox 727 2865 804 2905; x_wconf 65' lang='lat' dir='ltr'>ledit</span> <span class='ocrx_word' id='word_1_359' title='bbox 949 2875 1032 2905; x_wconf 67' lang='lat' dir='ltr'>pena</span> <span class='ocrx_word' id='word_1_360' title='bbox 1059 2869 1091 2897; x_wconf 79' lang='lat' dir='ltr'>cl</span> <span class='ocrx_word' id='word_1_361' title='bbox 1118 2864 1170 2897; x_wconf 70' lang='lat' dir='ltr'>sic</span> <span class='ocrx_word' id='word_1_362' title='bbox 1193 2875 1335 2909; x_wconf 77' lang='lat' dir='ltr'>semper</span> 
     </span>
    </p>
   </div>
   <div class='ocr_carea' id='block_1_10' title="bbox 1765 898 1792 919">
    <p class='ocr_par' dir='ltr' id='par_1_14' title="bbox 1765 898 1792 919">
     <span class='ocr_line' id='line_1_40' title="bbox 1765 898 1792 919; baseline -0.037 0"><span class='ocrx_word' id='word_1_363' title='bbox 1765 898 1792 919; x_wconf 83' lang='grc'>11)</span> 
     </span>
    </p>
   </div>
   <div class='ocr_carea' id='block_1_11' title="bbox 1767 1248 1793 1271">
    <p class='ocr_par' dir='ltr' id='par_1_15' title="bbox 1767 1248 1793 1271">
     <span class='ocr_line' id='line_1_41' title="bbox 1767 1248 1793 1271; baseline 0.077 -2"><span class='ocrx_word' id='word_1_364' title='bbox 1767 1248 1770 1269; x_wconf 88' lang='lat' dir='ltr'>l</span> <span class='ocrx_word' id='word_1_365' title='bbox 1779 1248 1793 1271; x_wconf 70' lang='grc' dir='ltr'>Γ)</span> 
     </span>
    </p>
   </div>
   <div class='ocr_carea' id='block_1_12' title="bbox 1760 1598 1792 1622">
    <p class='ocr_par' dir='ltr' id='par_1_16' title="bbox 1760 1598 1792 1622">
     <span class='ocr_line' id='line_1_42' title="bbox 1760 1598 1792 1622; baseline 0 0"><span class='ocrx_word' id='word_1_366' title='bbox 1760 1598 1792 1622; x_wconf 79' lang='lat'>20</span> 
     </span>
    </p>
   </div>
   <div class='ocr_carea' id='block_1_13' title="bbox 1761 1951 1793 1974">
    <p class='ocr_par' dir='ltr' id='par_1_17' title="bbox 1761 1951 1793 1974">
     <span class='ocr_line' id='line_1_43' title="bbox 1761 1951 1793 1974; baseline 0 0"><span class='ocrx_word' id='word_1_367' title='bbox 1761 1951 1793 1974; x_wconf 78' lang='lat'>25</span> 
     </span>
    </p>
   </div>
   <div class='ocr_carea' id='block_1_14' title="bbox 1759 2308 1792 2331">
    <p class='ocr_par' dir='ltr' id='par_1_18' title="bbox 1759 2308 1792 2331">
     <span class='ocr_line' id='line_1_44' title="bbox 1759 2308 1792 2331; baseline -0.03 -2"><span class='ocrx_word' id='word_1_368' title='bbox 1759 2308 1792 2331; x_wconf 68' lang='lat'>31)</span> 
     </span>
    </p>
   </div>
  </div>
 </body>
</html>
