<?xml version="1.0" encoding="UTF-8"?>
<!DOCTYPE html PUBLIC "-//W3C//DTD XHTML 1.0 Transitional//EN"
    "http://www.w3.org/TR/xhtml1/DTD/xhtml1-transitional.dtd">
<html xmlns="http://www.w3.org/1999/xhtml" xml:lang="en" lang="en">
 <head>
  <title>
</title>
<meta http-equiv="Content-Type" content="text/html;charset=utf-8" />
  <meta name='ocr-system' content='tesseract 3.04.00' />
  <meta name='ocr-capabilities' content='ocr_page ocr_carea ocr_par ocr_line ocrx_word'/>
</head>
<body>
  <div class='ocr_page' id='page_1' title='image "./dialogorumlibrid00seneuoft_0272.png"; bbox 0 0 2008 3221; ppageno 0'>
   <div class='ocr_carea' id='block_1_1' title="bbox 170 847 198 871">
    <p class='ocr_par' dir='ltr' id='par_1_1' title="bbox 170 847 198 871">
     <span class='ocr_line' id='line_1_1' title="bbox 170 847 198 871; baseline -0.071 0"><span class='ocrx_word' id='word_1_1' title='bbox 170 847 198 871; x_wconf 82' lang='lat' dir='ltr'>lO</span> 
     </span>
    </p>
   </div>
   <div class='ocr_carea' id='block_1_2' title="bbox 169 1200 197 1224">
    <p class='ocr_par' dir='ltr' id='par_1_2' title="bbox 169 1200 197 1224">
     <span class='ocr_line' id='line_1_2' title="bbox 169 1200 197 1224; baseline -0.036 0"><span class='ocrx_word' id='word_1_2' title='bbox 169 1200 197 1224; x_wconf 73' lang='lat'>15</span> 
     </span>
    </p>
   </div>
   <div class='ocr_carea' id='block_1_3' title="bbox 166 1554 198 1578">
    <p class='ocr_par' dir='ltr' id='par_1_3' title="bbox 166 1554 198 1578">
     <span class='ocr_line' id='line_1_3' title="bbox 166 1554 198 1578; baseline -0.063 0"><span class='ocrx_word' id='word_1_3' title='bbox 166 1554 198 1578; x_wconf 74' lang='lat'>20</span> 
     </span>
    </p>
   </div>
   <div class='ocr_carea' id='block_1_4' title="bbox 223 105 1545 147">
    <p class='ocr_par' dir='ltr' id='par_1_4' title="bbox 223 105 1545 147">
     <span class='ocr_line' id='line_1_4' title="bbox 223 105 1545 147; baseline 0.002 -17"><span class='ocrx_word' id='word_1_4' title='bbox 223 109 306 147; x_wconf 67' lang='lat'>234</span> <span class='ocrx_word' id='word_1_5' title='bbox 518 105 622 131; x_wconf 80' lang='lat' dir='ltr'>DIAL.</span> <span class='ocrx_word' id='word_1_6' title='bbox 638 105 674 131; x_wconf 90' lang='lat' dir='ltr'>X.</span> <span class='ocrx_word' id='word_1_7' title='bbox 714 106 768 131; x_wconf 79' lang='lat' dir='ltr'>AD</span> <span class='ocrx_word' id='word_1_8' title='bbox 789 105 993 131; x_wconf 82' lang='lat' dir='ltr'>PAVLINVM</span> <span class='ocrx_word' id='word_1_9' title='bbox 1019 106 1067 130; x_wconf 78' lang='lat' dir='ltr'>DE</span> <span class='ocrx_word' id='word_1_10' title='bbox 1090 106 1314 131; x_wconf 73' lang='lat' dir='ltr'><strong>BREVITATE</strong></span> <span class='ocrx_word' id='word_1_11' title='bbox 1333 106 1462 133; x_wconf 82' lang='lat' dir='ltr'>VITAE.</span> <span class='ocrx_word' id='word_1_12' title='bbox 1506 107 1545 132; x_wconf 79' lang='grc'>12.</span> 
     </span>
    </p>
   </div>
   <div class='ocr_carea' id='block_1_5' title="bbox 220 201 1847 466">
    <p class='ocr_par' dir='ltr' id='par_1_5' title="bbox 220 201 1847 466">
     <span class='ocr_line' id='line_1_5' title="bbox 223 201 1846 253; baseline 0 -12"><span class='ocrx_word' id='word_1_13' title='bbox 223 204 460 248; x_wconf 88' lang='lat' dir='ltr'>mittuntur,</span> <span class='ocrx_word' id='word_1_14' title='bbox 494 203 594 240; x_wconf 89' lang='lat' dir='ltr'>dum</span> <span class='ocrx_word' id='word_1_15' title='bbox 629 201 884 253; x_wconf 82' lang='lat' dir='ltr'>decerpitur,</span> <span class='ocrx_word' id='word_1_16' title='bbox 917 202 949 240; x_wconf 91' lang='lat' dir='ltr'>si</span> <span class='ocrx_word' id='word_1_17' title='bbox 981 201 1078 253; x_wconf 88' lang='lat' dir='ltr'>quid</span> <span class='ocrx_word' id='word_1_18' title='bbox 1110 203 1306 253; x_wconf 79' lang='lat' dir='ltr'>proxima</span> <span class='ocrx_word' id='word_1_19' title='bbox 1337 209 1462 242; x_wconf 83' lang='lat' dir='ltr'>nocte</span> <span class='ocrx_word' id='word_1_20' title='bbox 1494 203 1712 249; x_wconf 87' lang='lat' dir='ltr'>succreuit‚</span> <span class='ocrx_word' id='word_1_21' title='bbox 1746 203 1846 241; x_wconf 90' lang='lat' dir='ltr'>dum</span> 
     </span>
     <span class='ocr_line' id='line_1_6' title="bbox 221 270 1842 331; baseline 0.001 -20"><span class='ocrx_word' id='word_1_22' title='bbox 221 272 274 311; x_wconf 87' lang='lat' dir='ltr'>de</span> <span class='ocrx_word' id='word_1_23' title='bbox 305 271 471 324; x_wconf 86' lang='lat' dir='ltr'>singulis</span> <span class='ocrx_word' id='word_1_24' title='bbox 505 270 658 322; x_wconf 83' lang='lat' dir='ltr'>capillis</span> <span class='ocrx_word' id='word_1_25' title='bbox 690 272 729 310; x_wconf 90' lang='lat' dir='ltr'>in</span> <span class='ocrx_word' id='word_1_26' title='bbox 761 270 975 311; x_wconf 89' lang='lat' dir='ltr'>consilium</span> <span class='ocrx_word' id='word_1_27' title='bbox 1010 272 1106 319; x_wconf 79' lang='lat' dir='ltr'>itur,</span> <span class='ocrx_word' id='word_1_28' title='bbox 1138 272 1238 311; x_wconf 92' lang='lat' dir='ltr'>dum</span> <span class='ocrx_word' id='word_1_29' title='bbox 1271 278 1342 312; x_wconf 88' lang='lat' dir='ltr'>aut</span> <span class='ocrx_word' id='word_1_30' title='bbox 1373 274 1546 312; x_wconf 88' lang='lat' dir='ltr'>disiecta</span> <span class='ocrx_word' id='word_1_31' title='bbox 1578 286 1701 331; x_wconf 85' lang='lat' dir='ltr'>coma</span> <span class='ocrx_word' id='word_1_32' title='bbox 1731 273 1842 312; x_wconf 87' lang='lat' dir='ltr'>resti-</span> 
     </span>
     <span class='ocr_line' id='line_1_7' title="bbox 220 341 1845 396; baseline 0 -14"><span class='ocrx_word' id='word_1_33' title='bbox 220 344 345 382; x_wconf 93' lang='lat' dir='ltr'>tuitur</span> <span class='ocrx_word' id='word_1_34' title='bbox 376 348 447 382; x_wconf 89' lang='lat' dir='ltr'>aut</span> <span class='ocrx_word' id='word_1_35' title='bbox 480 341 674 381; x_wconf 84' lang='lat' dir='ltr'>deficiens</span> <span class='ocrx_word' id='word_1_36' title='bbox 706 341 802 381; x_wconf 91' lang='lat' dir='ltr'>hinc</span> <span class='ocrx_word' id='word_1_37' title='bbox 833 348 957 395; x_wconf 85' lang='lat' dir='ltr'>atque</span> <span class='ocrx_word' id='word_1_38' title='bbox 990 342 1097 381; x_wconf 89' lang='lat' dir='ltr'>illinc</span> <span class='ocrx_word' id='word_1_39' title='bbox 1129 343 1168 381; x_wconf 93' lang='lat' dir='ltr'>in</span> <span class='ocrx_word' id='word_1_40' title='bbox 1201 343 1381 383; x_wconf 89' lang='lat' dir='ltr'>frontem</span> <span class='ocrx_word' id='word_1_41' title='bbox 1414 343 1690 396; x_wconf 83' lang='lat' dir='ltr'>conpellitur?</span> <span class='ocrx_word' id='word_1_42' title='bbox 1742 357 1845 395; x_wconf 88' lang='lat' dir='ltr'>quo-</span> 
     </span>
     <span class='ocr_line' id='line_1_8' title="bbox 221 412 1847 466; baseline 0 -14"><span class='ocrx_word' id='word_1_43' title='bbox 221 414 351 452; x_wconf 90' lang='lat' dir='ltr'>modo</span> <span class='ocrx_word' id='word_1_44' title='bbox 384 414 625 460; x_wconf 75' lang='lat' dir='ltr'>irascuntur,</span> <span class='ocrx_word' id='word_1_45' title='bbox 657 413 689 451; x_wconf 89' lang='lat' dir='ltr'>si</span> <span class='ocrx_word' id='word_1_46' title='bbox 721 418 867 452; x_wconf 82' lang='lat' dir='ltr'>tonsor</span> <span class='ocrx_word' id='word_1_47' title='bbox 898 412 1023 465; x_wconf 90' lang='lat' dir='ltr'>paulo</span> <span class='ocrx_word' id='word_1_48' title='bbox 1047 412 1338 465; x_wconf 79' lang='lat' dir='ltr'><strong>neglegentior</strong></span> <span class='ocrx_word' id='word_1_49' title='bbox 1360 413 1443 462; x_wconf 86' lang='lat' dir='ltr'>fuit,</span> <span class='ocrx_word' id='word_1_50' title='bbox 1476 420 1691 466; x_wconf 81' lang='lat' dir='ltr'>tamquam</span> <span class='ocrx_word' id='word_1_51' title='bbox 1714 413 1847 452; x_wconf 88' lang='lat' dir='ltr'>uirum</span> 
     </span>
    </p>
   </div>
   <div class='ocr_carea' id='block_1_6' title="bbox 220 484 1890 536">
    <p class='ocr_par' dir='ltr' id='par_1_6' title="bbox 220 484 1890 536">
     <span class='ocr_line' id='line_1_9' title="bbox 220 484 1890 536; baseline 0 -13"><span class='ocrx_word' id='word_1_52' title='bbox 220 484 441 523; x_wconf 81' lang='lat' dir='ltr'>tonderet?</span> <span class='ocrx_word' id='word_1_53' title='bbox 494 484 714 534; x_wconf 86' lang='lat' dir='ltr'>quomodo</span> <span class='ocrx_word' id='word_1_54' title='bbox 759 485 1094 532; x_wconf 82' lang='lat' dir='ltr'>excandescunt,</span> <span class='ocrx_word' id='word_1_55' title='bbox 1137 486 1167 523; x_wconf 90' lang='lat' dir='ltr'>si</span> <span class='ocrx_word' id='word_1_56' title='bbox 1210 485 1309 536; x_wconf 87' lang='lat' dir='ltr'>quid</span> <span class='ocrx_word' id='word_1_57' title='bbox 1342 498 1396 524; x_wconf 87' lang='lat' dir='ltr'>ex</span> <span class='ocrx_word' id='word_1_58' title='bbox 1428 485 1524 523; x_wconf 90' lang='lat' dir='ltr'>iuba</span> <span class='ocrx_word' id='word_1_59' title='bbox 1555 498 1629 524; x_wconf 90' lang='lat' dir='ltr'>sua</span> <span class='ocrx_word' id='word_1_60' title='bbox 1662 484 1846 523; x_wconf 88' lang='lat' dir='ltr'>decisum</span> <span class='ocrx_word' id='word_1_61' title='bbox 1887 505 1890 507; x_wconf 94' lang='lat'>·</span> 
     </span>
    </p>
   </div>
   <div class='ocr_carea' id='block_1_7' title="bbox 218 554 1852 1881">
    <p class='ocr_par' dir='ltr' id='par_1_7' title="bbox 218 554 1852 1881">
     <span class='ocr_line' id='line_1_10' title="bbox 220 554 1845 606; baseline 0.001 -14"><span class='ocrx_word' id='word_1_62' title='bbox 220 560 292 601; x_wconf 76' lang='lat' dir='ltr'>est,</span> <span class='ocrx_word' id='word_1_63' title='bbox 326 554 357 592; x_wconf 90' lang='lat' dir='ltr'>si</span> <span class='ocrx_word' id='word_1_64' title='bbox 389 555 489 606; x_wconf 88' lang='lat' dir='ltr'>quid</span> <span class='ocrx_word' id='word_1_65' title='bbox 522 560 643 594; x_wconf 82' lang='lat' dir='ltr'>extra</span> <span class='ocrx_word' id='word_1_66' title='bbox 676 555 865 593; x_wconf 91' lang='lat' dir='ltr'>ordinem</span> <span class='ocrx_word' id='word_1_67' title='bbox 900 555 1032 600; x_wconf 91' lang='lat' dir='ltr'>iacuit,</span> <span class='ocrx_word' id='word_1_68' title='bbox 1067 555 1140 594; x_wconf 90' lang='lat' dir='ltr'>nisi</span> <span class='ocrx_word' id='word_1_69' title='bbox 1170 556 1311 594; x_wconf 85' lang='lat' dir='ltr'>omnia</span> <span class='ocrx_word' id='word_1_70' title='bbox 1341 555 1379 594; x_wconf 89' lang='lat' dir='ltr'>in</span> <span class='ocrx_word' id='word_1_71' title='bbox 1402 554 1547 594; x_wconf 78' lang='lat' dir='ltr'>anulos</span> <span class='ocrx_word' id='word_1_72' title='bbox 1570 568 1668 594; x_wconf 91' lang='lat' dir='ltr'>suos</span> <span class='ocrx_word' id='word_1_73' title='bbox 1691 555 1845 595; x_wconf 82' lang='lat' dir='ltr'><strong>recide-</strong></span> 
     </span>
     <span class='ocr_line' id='line_1_11' title="bbox 220 625 1847 679; baseline 0.001 -16"><span class='ocrx_word' id='word_1_74' title='bbox 220 627 338 664; x_wconf 83' lang='lat' dir='ltr'>runt?</span> <span class='ocrx_word' id='word_1_75' title='bbox 391 625 481 677; x_wconf 88' lang='lat' dir='ltr'>quis</span> <span class='ocrx_word' id='word_1_76' title='bbox 523 632 586 665; x_wconf 85' lang='lat' dir='ltr'>est</span> <span class='ocrx_word' id='word_1_77' title='bbox 628 627 801 665; x_wconf 84' lang='lat' dir='ltr'>istorum</span> <span class='ocrx_word' id='word_1_78' title='bbox 834 627 901 678; x_wconf 87' lang='lat' dir='ltr'>qui</span> <span class='ocrx_word' id='word_1_79' title='bbox 935 640 1018 665; x_wconf 91' lang='lat' dir='ltr'>non</span> <span class='ocrx_word' id='word_1_80' title='bbox 1053 626 1166 665; x_wconf 90' lang='lat' dir='ltr'>malit</span> <span class='ocrx_word' id='word_1_81' title='bbox 1199 625 1499 679; x_wconf 86' lang='lat' dir='ltr'>rempublicam</span> <span class='ocrx_word' id='word_1_82' title='bbox 1534 625 1689 665; x_wconf 85' lang='lat' dir='ltr'>turbari</span> <span class='ocrx_word' id='word_1_83' title='bbox 1721 638 1847 678; x_wconf 85' lang='lat' dir='ltr'>quam</span> 
     </span>
     <span class='ocr_line' id='line_1_12' title="bbox 219 689 1847 749; baseline 0.001 -15"><span class='ocrx_word' id='word_1_84' title='bbox 219 709 386 734; x_wconf 89' lang='lat' dir='ltr'>comam</span> <span class='ocrx_word' id='word_1_85' title='bbox 430 699 575 735; x_wconf 83' lang='lat' dir='ltr'>suam?</span> <span class='ocrx_word' id='word_1_86' title='bbox 628 697 696 749; x_wconf 91' lang='lat' dir='ltr'>qui</span> <span class='ocrx_word' id='word_1_87' title='bbox 738 710 823 736; x_wconf 91' lang='lat' dir='ltr'>non</span> <span class='ocrx_word' id='word_1_88' title='bbox 856 696 1067 736; x_wconf 80' lang='lat' dir='ltr'>sollicitior</span> <span class='ocrx_word' id='word_1_89' title='bbox 1098 697 1149 736; x_wconf 87' lang='lat' dir='ltr'>sit</span> <span class='ocrx_word' id='word_1_90' title='bbox 1183 697 1236 736; x_wconf 92' lang='lat' dir='ltr'>de</span> <span class='ocrx_word' id='word_1_91' title='bbox 1269 697 1413 749; x_wconf 87' lang='lat' dir='ltr'>capitis</span> <span class='ocrx_word' id='word_1_92' title='bbox 1445 689 1505 736; x_wconf 54' lang='lat' dir='ltr'>&#39;sui</span> <span class='ocrx_word' id='word_1_93' title='bbox 1536 698 1689 736; x_wconf 91' lang='lat' dir='ltr'>decore</span> <span class='ocrx_word' id='word_1_94' title='bbox 1720 710 1847 748; x_wconf 89' lang='lat' dir='ltr'>quam</span> 
     </span>
     <span class='ocr_line' id='line_1_13' title="bbox 218 752 1848 820; baseline 0.001 -16"><span class='ocrx_word' id='word_1_95' title='bbox 218 766 270 805; x_wconf 88' lang='lat' dir='ltr'>de</span> <span class='ocrx_word' id='word_1_96' title='bbox 303 766 462 806; x_wconf 86' lang='lat' dir='ltr'>salute?</span> <span class='ocrx_word' id='word_1_97' title='bbox 517 768 585 820; x_wconf 85' lang='lat' dir='ltr'>qui</span> <span class='ocrx_word' id='word_1_98' title='bbox 617 781 701 806; x_wconf 91' lang='lat' dir='ltr'>non</span> <span class='ocrx_word' id='word_1_99' title='bbox 734 768 943 820; x_wconf 87' lang='lat' dir='ltr'>comptior</span> <span class='ocrx_word' id='word_1_100' title='bbox 975 781 1066 806; x_wconf 91' lang='lat' dir='ltr'>esse</span> <span class='ocrx_word' id='word_1_101' title='bbox 1099 767 1215 806; x_wconf 92' lang='lat' dir='ltr'>malit</span> <span class='ocrx_word' id='word_1_102' title='bbox 1246 781 1372 819; x_wconf 88' lang='lat' dir='ltr'>quam</span> <span class='ocrx_word' id='word_1_103' title='bbox 1406 752 1645 806; x_wconf 80' lang='lat' dir='ltr'>honestior?</span> <span class='ocrx_word' id='word_1_104' title='bbox 1694 767 1772 806; x_wconf 91' lang='lat' dir='ltr'>hos</span> <span class='ocrx_word' id='word_1_105' title='bbox 1804 773 1848 805; x_wconf 92' lang='lat' dir='ltr'>tu</span> 
     </span>
     <span class='ocr_line' id='line_1_14' title="bbox 218 837 1847 891; baseline 0.001 -16"><span class='ocrx_word' id='word_1_106' title='bbox 218 837 378 876; x_wconf 87' lang='lat' dir='ltr'>otiosos</span> <span class='ocrx_word' id='word_1_107' title='bbox 420 851 545 877; x_wconf 90' lang='lat' dir='ltr'>uocas</span> <span class='ocrx_word' id='word_1_108' title='bbox 588 838 694 877; x_wconf 89' lang='lat' dir='ltr'>inter</span> <span class='ocrx_word' id='word_1_109' title='bbox 734 839 943 890; x_wconf 88' lang='lat' dir='ltr'>pectinem</span> <span class='ocrx_word' id='word_1_110' title='bbox 987 838 1285 891; x_wconf 85' lang='lat' dir='ltr'>speculumque</span> <span class='ocrx_word' id='word_1_111' title='bbox 1328 840 1583 891; x_wconf 87' lang='lat' dir='ltr'>occupatos?</span> <span class='ocrx_word' id='word_1_112' title='bbox 1635 838 1734 890; x_wconf 88' lang='lat' dir='ltr'>quid</span> <span class='ocrx_word' id='word_1_113' title='bbox 1767 837 1847 877; x_wconf 83' lang='lat' dir='ltr'>illi?</span> 
     </span>
     <span class='ocr_line' id='line_1_15' title="bbox 219 908 1847 961; baseline 0.002 -16"><span class='ocrx_word' id='word_1_114' title='bbox 219 908 294 958; x_wconf 74' lang='lat' dir='ltr'>qni</span> <span class='ocrx_word' id='word_1_115' title='bbox 321 908 360 946; x_wconf 90' lang='lat' dir='ltr'>in</span> <span class='ocrx_word' id='word_1_116' title='bbox 394 909 693 960; x_wconf 81' lang='lat' dir='ltr'>conponendis,</span> <span class='ocrx_word' id='word_1_117' title='bbox 726 909 952 956; x_wconf 84' lang='lat' dir='ltr'>audiendis,</span> <span class='ocrx_word' id='word_1_118' title='bbox 987 909 1192 948; x_wconf 86' lang='lat' dir='ltr'>discendis</span> <span class='ocrx_word' id='word_1_119' title='bbox 1225 910 1393 949; x_wconf 88' lang='lat' dir='ltr'>canticis</span> <span class='ocrx_word' id='word_1_120' title='bbox 1426 909 1586 961; x_wconf 83' lang='lat' dir='ltr'>operati</span> <span class='ocrx_word' id='word_1_121' title='bbox 1609 914 1714 956; x_wconf 82' lang='lat' dir='ltr'>sunt,</span> <span class='ocrx_word' id='word_1_122' title='bbox 1748 908 1847 948; x_wconf 89' lang='lat' dir='ltr'>dum</span> 
     </span>
     <span class='ocr_line' id='line_1_16' title="bbox 219 979 1848 1032; baseline 0.001 -15"><span class='ocrx_word' id='word_1_123' title='bbox 219 992 380 1026; x_wconf 83' lang='lat' dir='ltr'>uocem,</span> <span class='ocrx_word' id='word_1_124' title='bbox 413 980 524 1018; x_wconf 88' lang='lat' dir='ltr'>cuius</span> <span class='ocrx_word' id='word_1_125' title='bbox 557 986 715 1019; x_wconf 88' lang='lat' dir='ltr'>rectum</span> <span class='ocrx_word' id='word_1_126' title='bbox 749 993 913 1019; x_wconf 90' lang='lat' dir='ltr'>cursum</span> <span class='ocrx_word' id='word_1_127' title='bbox 947 986 1093 1019; x_wconf 88' lang='lat' dir='ltr'>natura</span> <span class='ocrx_word' id='word_1_128' title='bbox 1126 987 1167 1019; x_wconf 90' lang='lat' dir='ltr'>et</span> <span class='ocrx_word' id='word_1_129' title='bbox 1200 982 1406 1032; x_wconf 88' lang='lat' dir='ltr'>optimum</span> <span class='ocrx_word' id='word_1_130' title='bbox 1438 986 1479 1020; x_wconf 88' lang='lat' dir='ltr'>et</span> <span class='ocrx_word' id='word_1_131' title='bbox 1500 979 1848 1032; x_wconf 86' lang='lat' dir='ltr'>simplicissimum</span> 
     </span>
     <span class='ocr_line' id='line_1_17' title="bbox 219 1048 1849 1103; baseline 0.001 -15"><span class='ocrx_word' id='word_1_132' title='bbox 219 1048 334 1096; x_wconf 90' lang='lat' dir='ltr'>fecit,</span> <span class='ocrx_word' id='word_1_133' title='bbox 384 1050 539 1090; x_wconf 81' lang='lat' dir='ltr'>inflexu</span> <span class='ocrx_word' id='word_1_134' title='bbox 591 1050 886 1090; x_wconf 86' lang='lat' dir='ltr'>modulationis</span> <span class='ocrx_word' id='word_1_135' title='bbox 928 1051 1200 1090; x_wconf 87' lang='lat' dir='ltr'>inertissimae</span> <span class='ocrx_word' id='word_1_136' title='bbox 1243 1057 1461 1103; x_wconf 85' lang='lat' dir='ltr'>torquent,</span> <span class='ocrx_word' id='word_1_137' title='bbox 1512 1064 1689 1103; x_wconf 89' lang='lat' dir='ltr'>quorum</span> <span class='ocrx_word' id='word_1_138' title='bbox 1733 1050 1849 1102; x_wconf 80' lang='lat' dir='ltr'>digiti</span> 
     </span>
     <span class='ocr_line' id='line_1_18' title="bbox 219 1120 1848 1174; baseline 0 -14"><span class='ocrx_word' id='word_1_139' title='bbox 219 1120 387 1173; x_wconf 87' lang='lat' dir='ltr'>aliquod</span> <span class='ocrx_word' id='word_1_140' title='bbox 427 1122 532 1161; x_wconf 90' lang='lat' dir='ltr'>intra</span> <span class='ocrx_word' id='word_1_141' title='bbox 565 1136 609 1161; x_wconf 82' lang='lat' dir='ltr'>se</span> <span class='ocrx_word' id='word_1_142' title='bbox 643 1135 810 1161; x_wconf 87' lang='lat' dir='ltr'>carmen</span> <span class='ocrx_word' id='word_1_143' title='bbox 844 1122 1065 1162; x_wconf 87' lang='lat' dir='ltr'>metientes</span> <span class='ocrx_word' id='word_1_144' title='bbox 1096 1136 1265 1173; x_wconf 85' lang='lat' dir='ltr'>semper</span> <span class='ocrx_word' id='word_1_145' title='bbox 1296 1128 1468 1169; x_wconf 87' lang='lat' dir='ltr'>sonant,</span> <span class='ocrx_word' id='word_1_146' title='bbox 1513 1135 1713 1174; x_wconf 77' lang='lat' dir='ltr'>quorum,</span> <span class='ocrx_word' id='word_1_147' title='bbox 1755 1134 1848 1160; x_wconf 90' lang='lat' dir='ltr'>cum</span> 
     </span>
     <span class='ocr_line' id='line_1_19' title="bbox 219 1192 1851 1246; baseline 0.001 -16"><span class='ocrx_word' id='word_1_148' title='bbox 219 1193 273 1231; x_wconf 90' lang='lat' dir='ltr'>ad</span> <span class='ocrx_word' id='word_1_149' title='bbox 316 1206 380 1231; x_wconf 87' lang='lat' dir='ltr'>res</span> <span class='ocrx_word' id='word_1_150' title='bbox 422 1193 569 1240; x_wconf 87' lang='lat' dir='ltr'>serias,</span> <span class='ocrx_word' id='word_1_151' title='bbox 613 1193 736 1232; x_wconf 88' lang='lat' dir='ltr'>etiam</span> <span class='ocrx_word' id='word_1_152' title='bbox 779 1206 903 1246; x_wconf 85' lang='lat' dir='ltr'>saepe</span> <span class='ocrx_word' id='word_1_153' title='bbox 935 1193 1072 1232; x_wconf 86' lang='lat' dir='ltr'>tristes</span> <span class='ocrx_word' id='word_1_154' title='bbox 1105 1192 1280 1232; x_wconf 86' lang='lat' dir='ltr'>adhibiti</span> <span class='ocrx_word' id='word_1_155' title='bbox 1314 1199 1429 1240; x_wconf 86' lang='lat' dir='ltr'>sunt,</span> <span class='ocrx_word' id='word_1_156' title='bbox 1472 1192 1693 1231; x_wconf 85' lang='lat' dir='ltr'>exauditur</span> <span class='ocrx_word' id='word_1_157' title='bbox 1724 1192 1851 1232; x_wconf 90' lang='lat' dir='ltr'>tacita</span> 
     </span>
     <span class='ocr_line' id='line_1_20' title="bbox 220 1262 1851 1314; baseline 0.001 -13"><span class='ocrx_word' id='word_1_158' title='bbox 220 1262 476 1302; x_wconf 84' lang='lat' dir='ltr'>modulatio:</span> <span class='ocrx_word' id='word_1_159' title='bbox 524 1277 608 1302; x_wconf 93' lang='lat' dir='ltr'>non</span> <span class='ocrx_word' id='word_1_160' title='bbox 641 1263 798 1303; x_wconf 88' lang='lat' dir='ltr'>habent</span> <span class='ocrx_word' id='word_1_161' title='bbox 830 1264 893 1303; x_wconf 92' lang='lat' dir='ltr'>isti</span> <span class='ocrx_word' id='word_1_162' title='bbox 927 1263 1079 1311; x_wconf 85' lang='lat' dir='ltr'>otium,</span> <span class='ocrx_word' id='word_1_163' title='bbox 1123 1265 1196 1303; x_wconf 90' lang='lat' dir='ltr'>sed</span> <span class='ocrx_word' id='word_1_164' title='bbox 1229 1264 1336 1303; x_wconf 84' lang='lat' dir='ltr'>iners</span> <span class='ocrx_word' id='word_1_165' title='bbox 1370 1264 1597 1314; x_wconf 84' lang='lat' dir='ltr'>negotium.</span> <span class='ocrx_word' id='word_1_166' title='bbox 1662 1263 1851 1302; x_wconf 88' lang='lat' dir='ltr'>conuiuia</span> 
     </span>
     <span class='ocr_line' id='line_1_21' title="bbox 219 1334 1848 1387; baseline -0.001 -14"><span class='ocrx_word' id='word_1_167' title='bbox 219 1347 287 1373; x_wconf 88' lang='lat' dir='ltr'>me</span> <span class='ocrx_word' id='word_1_168' title='bbox 330 1334 517 1373; x_wconf 88' lang='lat' dir='ltr'>hercules</span> <span class='ocrx_word' id='word_1_169' title='bbox 561 1334 712 1374; x_wconf 89' lang='lat' dir='ltr'>horum</span> <span class='ocrx_word' id='word_1_170' title='bbox 755 1348 837 1374; x_wconf 90' lang='lat' dir='ltr'>non</span> <span class='ocrx_word' id='word_1_171' title='bbox 881 1334 1091 1387; x_wconf 89' lang='lat' dir='ltr'>posuerim</span> <span class='ocrx_word' id='word_1_172' title='bbox 1136 1335 1241 1373; x_wconf 91' lang='lat' dir='ltr'>inter</span> <span class='ocrx_word' id='word_1_173' title='bbox 1273 1334 1463 1373; x_wconf 85' lang='lat' dir='ltr'>uacantia</span> <span class='ocrx_word' id='word_1_174' title='bbox 1495 1340 1710 1385; x_wconf 88' lang='lat' dir='ltr'>tempora,</span> <span class='ocrx_word' id='word_1_175' title='bbox 1754 1346 1848 1372; x_wconf 91' lang='lat' dir='ltr'>cum</span> 
     </span>
     <span class='ocr_line' id='line_1_22' title="bbox 219 1403 1848 1457; baseline 0 -14"><span class='ocrx_word' id='word_1_176' title='bbox 219 1405 406 1453; x_wconf 88' lang='lat' dir='ltr'>uideam,</span> <span class='ocrx_word' id='word_1_177' title='bbox 439 1419 565 1457; x_wconf 87' lang='lat' dir='ltr'>quam</span> <span class='ocrx_word' id='word_1_178' title='bbox 600 1405 761 1444; x_wconf 91' lang='lat' dir='ltr'>solliciti</span> <span class='ocrx_word' id='word_1_179' title='bbox 793 1412 1015 1457; x_wconf 87' lang='lat' dir='ltr'>argentum</span> <span class='ocrx_word' id='word_1_180' title='bbox 1049 1405 1262 1453; x_wconf 75' lang='lat' dir='ltr'>ordinent,</span> <span class='ocrx_word' id='word_1_181' title='bbox 1295 1418 1421 1457; x_wconf 85' lang='lat' dir='ltr'>quam</span> <span class='ocrx_word' id='word_1_182' title='bbox 1456 1405 1674 1456; x_wconf 80' lang='lat' dir='ltr'>diligenter</span> <span class='ocrx_word' id='word_1_183' title='bbox 1705 1403 1848 1443; x_wconf 82' lang='lat' dir='ltr'>exole-</span> 
     </span>
     <span class='ocr_line' id='line_1_23' title="bbox 219 1475 1850 1528; baseline 0 -14"><span class='ocrx_word' id='word_1_184' title='bbox 219 1482 357 1515; x_wconf 90' lang='lat' dir='ltr'>torum</span> <span class='ocrx_word' id='word_1_185' title='bbox 402 1490 571 1516; x_wconf 89' lang='lat' dir='ltr'>suorum</span> <span class='ocrx_word' id='word_1_186' title='bbox 611 1477 769 1516; x_wconf 84' lang='lat' dir='ltr'>tunicas</span> <span class='ocrx_word' id='word_1_187' title='bbox 802 1477 1065 1528; x_wconf 86' lang='lat' dir='ltr'>succingant,</span> <span class='ocrx_word' id='word_1_188' title='bbox 1108 1490 1235 1528; x_wconf 89' lang='lat' dir='ltr'>quam</span> <span class='ocrx_word' id='word_1_189' title='bbox 1268 1475 1454 1528; x_wconf 87' lang='lat' dir='ltr'>suspensi</span> <span class='ocrx_word' id='word_1_190' title='bbox 1487 1476 1587 1523; x_wconf 87' lang='lat' dir='ltr'>sint,</span> <span class='ocrx_word' id='word_1_191' title='bbox 1630 1475 1850 1527; x_wconf 85' lang='lat' dir='ltr'>quomodo</span> 
     </span>
     <span class='ocr_line' id='line_1_24' title="bbox 220 1546 1851 1600; baseline -0.001 -14"><span class='ocrx_word' id='word_1_192' title='bbox 220 1561 319 1600; x_wconf 91' lang='lat' dir='ltr'>aper</span> <span class='ocrx_word' id='word_1_193' title='bbox 352 1561 375 1586; x_wconf 91' lang='lat' dir='ltr'>a</span> <span class='ocrx_word' id='word_1_194' title='bbox 408 1560 512 1587; x_wconf 91' lang='lat' dir='ltr'>coco</span> <span class='ocrx_word' id='word_1_195' title='bbox 546 1553 688 1595; x_wconf 81' lang='lat' dir='ltr'>exeat,</span> <span class='ocrx_word' id='word_1_196' title='bbox 728 1561 810 1599; x_wconf 90' lang='lat' dir='ltr'>qua</span> <span class='ocrx_word' id='word_1_197' title='bbox 842 1547 1052 1587; x_wconf 88' lang='lat' dir='ltr'>celeritate</span> <span class='ocrx_word' id='word_1_198' title='bbox 1084 1547 1204 1599; x_wconf 87' lang='lat' dir='ltr'>signo</span> <span class='ocrx_word' id='word_1_199' title='bbox 1239 1548 1340 1587; x_wconf 91' lang='lat' dir='ltr'>dato</span> <span class='ocrx_word' id='word_1_200' title='bbox 1373 1546 1504 1598; x_wconf 85' lang='lat' dir='ltr'>glabri</span> <span class='ocrx_word' id='word_1_201' title='bbox 1537 1547 1591 1585; x_wconf 92' lang='lat' dir='ltr'>ad</span> <span class='ocrx_word' id='word_1_202' title='bbox 1624 1546 1851 1585; x_wconf 89' lang='lat' dir='ltr'>ministeria</span> 
     </span>
     <span class='ocr_line' id='line_1_25' title="bbox 220 1616 1851 1670; baseline -0.001 -13"><span class='ocrx_word' id='word_1_203' title='bbox 220 1618 471 1666; x_wconf 80' lang='lat' dir='ltr'>discurrant,</span> <span class='ocrx_word' id='word_1_204' title='bbox 521 1623 677 1670; x_wconf 90' lang='lat' dir='ltr'>quanta</span> <span class='ocrx_word' id='word_1_205' title='bbox 720 1624 808 1657; x_wconf 88' lang='lat' dir='ltr'>arte</span> <span class='ocrx_word' id='word_1_206' title='bbox 851 1619 1092 1657; x_wconf 86' lang='lat' dir='ltr'>scindantur</span> <span class='ocrx_word' id='word_1_207' title='bbox 1133 1631 1231 1657; x_wconf 87' lang='lat' dir='ltr'>aues</span> <span class='ocrx_word' id='word_1_208' title='bbox 1273 1619 1314 1657; x_wconf 92' lang='lat' dir='ltr'>in</span> <span class='ocrx_word' id='word_1_209' title='bbox 1355 1616 1485 1656; x_wconf 89' lang='lat' dir='ltr'>frusta</span> <span class='ocrx_word' id='word_1_210' title='bbox 1525 1629 1610 1656; x_wconf 92' lang='lat' dir='ltr'>non</span> <span class='ocrx_word' id='word_1_211' title='bbox 1652 1617 1851 1665; x_wconf 90' lang='lat' dir='ltr'>enormia,</span> 
     </span>
     <span class='ocr_line' id='line_1_26' title="bbox 219 1688 1851 1742; baseline 0 -15"><span class='ocrx_word' id='word_1_212' title='bbox 219 1702 344 1741; x_wconf 87' lang='lat' dir='ltr'>quam</span> <span class='ocrx_word' id='word_1_213' title='bbox 388 1690 549 1729; x_wconf 80' lang='lat' dir='ltr'>curiose</span> <span class='ocrx_word' id='word_1_214' title='bbox 582 1688 762 1729; x_wconf 88' lang='lat' dir='ltr'>infelices</span> <span class='ocrx_word' id='word_1_215' title='bbox 795 1689 952 1742; x_wconf 87' lang='lat' dir='ltr'>pueruli</span> <span class='ocrx_word' id='word_1_216' title='bbox 985 1689 1194 1728; x_wconf 90' lang='lat' dir='ltr'>ebriorum</span> <span class='ocrx_word' id='word_1_217' title='bbox 1228 1695 1351 1741; x_wconf 85' lang='lat' dir='ltr'>sputa</span> <span class='ocrx_word' id='word_1_218' title='bbox 1384 1689 1655 1740; x_wconf 86' lang='lat' dir='ltr'>detergeant:</span> <span class='ocrx_word' id='word_1_219' title='bbox 1703 1702 1757 1727; x_wconf 82' lang='lat' dir='ltr'>ex</span> <span class='ocrx_word' id='word_1_220' title='bbox 1790 1688 1851 1727; x_wconf 87' lang='lat' dir='ltr'>his</span> 
     </span>
     <span class='ocr_line' id='line_1_27' title="bbox 220 1759 1852 1813; baseline -0.002 -13"><span class='ocrx_word' id='word_1_221' title='bbox 220 1760 451 1812; x_wconf 83' lang='lat' dir='ltr'>elegantiae</span> <span class='ocrx_word' id='word_1_222' title='bbox 495 1760 760 1813; x_wconf 88' lang='lat' dir='ltr'>lautitiaeque</span> <span class='ocrx_word' id='word_1_223' title='bbox 799 1759 910 1799; x_wconf 87' lang='lat' dir='ltr'>fama</span> <span class='ocrx_word' id='word_1_224' title='bbox 943 1766 1135 1812; x_wconf 86' lang='lat' dir='ltr'>captatur</span> <span class='ocrx_word' id='word_1_225' title='bbox 1167 1766 1208 1799; x_wconf 91' lang='lat' dir='ltr'>et</span> <span class='ocrx_word' id='word_1_226' title='bbox 1242 1774 1371 1812; x_wconf 91' lang='lat' dir='ltr'>usque</span> <span class='ocrx_word' id='word_1_227' title='bbox 1405 1773 1456 1799; x_wconf 92' lang='lat' dir='ltr'>eo</span> <span class='ocrx_word' id='word_1_228' title='bbox 1488 1761 1528 1799; x_wconf 90' lang='lat' dir='ltr'>in</span> <span class='ocrx_word' id='word_1_229' title='bbox 1561 1772 1709 1798; x_wconf 87' lang='lat' dir='ltr'>omnes</span> <span class='ocrx_word' id='word_1_230' title='bbox 1742 1759 1852 1798; x_wconf 89' lang='lat' dir='ltr'>uitae</span> 
     </span>
     <span class='ocr_line' id='line_1_28' title="bbox 220 1829 1852 1881; baseline -0.001 -11"><span class='ocrx_word' id='word_1_231' title='bbox 220 1844 407 1870; x_wconf 85' lang='lat' dir='ltr'>secessus</span> <span class='ocrx_word' id='word_1_232' title='bbox 441 1831 549 1870; x_wconf 88' lang='lat' dir='ltr'>mala</span> <span class='ocrx_word' id='word_1_233' title='bbox 583 1846 656 1871; x_wconf 89' lang='lat' dir='ltr'>sua</span> <span class='ocrx_word' id='word_1_234' title='bbox 687 1831 778 1870; x_wconf 91' lang='lat' dir='ltr'>illos</span> <span class='ocrx_word' id='word_1_235' title='bbox 810 1837 1012 1881; x_wconf 84' lang='lat' dir='ltr'>secuntur,</span> <span class='ocrx_word' id='word_1_236' title='bbox 1047 1837 1090 1870; x_wconf 94' lang='lat' dir='ltr'>ut</span> <span class='ocrx_word' id='word_1_237' title='bbox 1123 1845 1200 1870; x_wconf 91' lang='lat' dir='ltr'>nec</span> <span class='ocrx_word' id='word_1_238' title='bbox 1232 1831 1379 1870; x_wconf 89' lang='lat' dir='ltr'>bibant</span> <span class='ocrx_word' id='word_1_239' title='bbox 1407 1831 1493 1869; x_wconf 89' lang='lat' dir='ltr'>sine</span> <span class='ocrx_word' id='word_1_240' title='bbox 1523 1829 1752 1869; x_wconf 86' lang='lat' dir='ltr'>ambitione</span> <span class='ocrx_word' id='word_1_241' title='bbox 1775 1843 1852 1869; x_wconf 93' lang='lat' dir='ltr'>nec</span> 
     </span>
    </p>
   </div>
   <div class='ocr_carea' id='block_1_8' title="bbox 167 1900 1853 1957">
    <p class='ocr_par' dir='ltr' id='par_1_8' title="bbox 167 1900 1853 1957">
     <span class='ocr_line' id='line_1_29' title="bbox 167 1900 1853 1957; baseline -0.001 -16"><span class='ocrx_word' id='word_1_242' title='bbox 167 1913 181 1934; x_wconf 71' lang='lat'>‘-</span> <span class='ocrx_word' id='word_1_243' title='bbox 223 1903 360 1941; x_wconf 85' lang='lat' dir='ltr'>edant.</span> <span class='ocrx_word' id='word_1_244' title='bbox 425 1916 476 1957; x_wconf 88' lang='lat' dir='ltr'>ne</span> <span class='ocrx_word' id='word_1_245' title='bbox 509 1902 598 1941; x_wconf 91' lang='lat' dir='ltr'>illos</span> <span class='ocrx_word' id='word_1_246' title='bbox 631 1903 800 1955; x_wconf 87' lang='lat' dir='ltr'>quidem</span> <span class='ocrx_word' id='word_1_247' title='bbox 833 1903 938 1941; x_wconf 90' lang='lat' dir='ltr'>inter</span> <span class='ocrx_word' id='word_1_248' title='bbox 970 1903 1131 1942; x_wconf 84' lang='lat' dir='ltr'>otiosos</span> <span class='ocrx_word' id='word_1_249' title='bbox 1163 1901 1480 1949; x_wconf 82' lang='lat' dir='ltr'>numerauerim,</span> <span class='ocrx_word' id='word_1_250' title='bbox 1513 1901 1581 1953; x_wconf 87' lang='lat' dir='ltr'>qui</span> <span class='ocrx_word' id='word_1_251' title='bbox 1613 1900 1713 1940; x_wconf 88' lang='lat' dir='ltr'>sella</span> <span class='ocrx_word' id='word_1_252' title='bbox 1743 1914 1788 1940; x_wconf 91' lang='lat' dir='ltr'>se</span> <span class='ocrx_word' id='word_1_253' title='bbox 1811 1906 1853 1939; x_wconf 92' lang='lat' dir='ltr'>et</span> 
     </span>
    </p>
   </div>
   <div class='ocr_carea' id='block_1_9' title="bbox 221 1972 1853 2024">
    <p class='ocr_par' dir='ltr' id='par_1_9' title="bbox 221 1972 1853 2024">
     <span class='ocr_line' id='line_1_30' title="bbox 221 1972 1853 2024; baseline -0.001 -12"><span class='ocrx_word' id='word_1_254' title='bbox 221 1972 366 2012; x_wconf 87' lang='lat' dir='ltr'>lectica</span> <span class='ocrx_word' id='word_1_255' title='bbox 397 1972 476 2012; x_wconf 87' lang='lat' dir='ltr'>huc</span> <span class='ocrx_word' id='word_1_256' title='bbox 509 1980 551 2013; x_wconf 92' lang='lat' dir='ltr'>et</span> <span class='ocrx_word' id='word_1_257' title='bbox 584 1973 675 2012; x_wconf 91' lang='lat' dir='ltr'>illuc</span> <span class='ocrx_word' id='word_1_258' title='bbox 704 1972 839 2012; x_wconf 88' lang='lat' dir='ltr'>ferunt</span> <span class='ocrx_word' id='word_1_259' title='bbox 862 1979 902 2012; x_wconf 92' lang='lat' dir='ltr'>et</span> <span class='ocrx_word' id='word_1_260' title='bbox 925 1973 979 2012; x_wconf 91' lang='lat' dir='ltr'>ad</span> <span class='ocrx_word' id='word_1_261' title='bbox 1001 1975 1285 2024; x_wconf 83' lang='lat' dir='ltr'>gestationum</span> <span class='ocrx_word' id='word_1_262' title='bbox 1309 1986 1488 2020; x_wconf 84' lang='lat' dir='ltr'>suarum,</span> <span class='ocrx_word' id='word_1_263' title='bbox 1521 1972 1637 2024; x_wconf 87' lang='lat' dir='ltr'>quasi</span> <span class='ocrx_word' id='word_1_264' title='bbox 1661 1972 1853 2011; x_wconf 88' lang='lat' dir='ltr'>deserere</span> 
     </span>
    </p>
   </div>
   <div class='ocr_carea' id='block_1_10' title="bbox 223 2180 1857 2756">
    <p class='ocr_par' dir='ltr' id='par_1_10' title="bbox 223 2180 1853 2367">
     <span class='ocr_line' id='line_1_31' title="bbox 229 2180 1853 2240; baseline -0.002 -12"><span class='ocrx_word' id='word_1_265' title='bbox 229 2197 237 2228; x_wconf 89' lang='lat' dir='ltr'>l</span> <span class='ocrx_word' id='word_1_266' title='bbox 278 2197 435 2227; x_wconf 81' lang='lat' dir='ltr'>succreuit</span> <span class='ocrx_word' id='word_1_267' title='bbox 460 2195 590 2240; x_wconf 38' lang='lat' dir='ltr'>nul-qo:</span> <span class='ocrx_word' id='word_1_268' title='bbox 620 2197 677 2227; x_wconf 67' lang='lat' dir='ltr'>sub</span> <span class='ocrx_word' id='word_1_269' title='bbox 704 2197 817 2228; x_wconf 79' lang='lat' dir='ltr'>crescit</span> <span class='ocrx_word' id='word_1_270' title='bbox 939 2198 959 2230; x_wconf 67' lang='lat'><strong>2</strong></span> <span class='ocrx_word' id='word_1_271' title='bbox 994 2180 1141 2237; x_wconf 58' lang='lat' dir='ltr'>disgeeta</span> <span class='ocrx_word' id='word_1_272' title='bbox 1263 2196 1433 2227; x_wconf 81' lang='lat' dir='ltr'>restituitur</span> <span class='ocrx_word' id='word_1_273' title='bbox 1467 2194 1516 2237; x_wconf 74' lang='lat' dir='ltr'>(in</span> <span class='ocrx_word' id='word_1_274' title='bbox 1543 2205 1655 2239; x_wconf 63' lang='lat' dir='ltr'>mars).</span> <span class='ocrx_word' id='word_1_275' title='bbox 1683 2204 1726 2227; x_wconf 82' lang='lat' dir='ltr'>m.</span> <span class='ocrx_word' id='word_1_276' title='bbox 1756 2195 1775 2227; x_wconf 84' lang='lat'>2</span> <span class='ocrx_word' id='word_1_277' title='bbox 1802 2198 1853 2225; x_wconf 91' lang='lat' dir='ltr'>aut</span> 
     </span>
     <span class='ocr_line' id='line_1_32' title="bbox 223 2258 1853 2309; baseline 0 -14"><span class='ocrx_word' id='word_1_278' title='bbox 223 2267 375 2297; x_wconf 61' lang='lat' dir='ltr'>deficiens</span> <span class='ocrx_word' id='word_1_279' title='bbox 408 2267 484 2298; x_wconf 89' lang='lat' dir='ltr'>hinc</span> <span class='ocrx_word' id='word_1_280' title='bbox 518 2274 581 2307; x_wconf 77' lang='lat' dir='ltr'>atq.</span> <span class='ocrx_word' id='word_1_281' title='bbox 611 2268 697 2298; x_wconf 88' lang='lat' dir='ltr'>illinc</span> <span class='ocrx_word' id='word_1_282' title='bbox 724 2271 736 2299; x_wconf 83' lang='lat' dir='ltr'>i</span> <span class='ocrx_word' id='word_1_283' title='bbox 765 2267 871 2300; x_wconf 61' lang='lat' dir='ltr'>fronte</span> <span class='ocrx_word' id='word_1_284' title='bbox 907 2267 1095 2309; x_wconf 72' lang='lat' dir='ltr'>cOpellitur)</span> <span class='ocrx_word' id='word_1_285' title='bbox 1271 2258 1286 2298; x_wconf 64' lang='lat' dir='ltr'><em>T</em></span> <span class='ocrx_word' id='word_1_286' title='bbox 1318 2277 1383 2297; x_wconf 85' lang='lat' dir='ltr'>rem</span> <span class='ocrx_word' id='word_1_287' title='bbox 1418 2266 1582 2307; x_wconf 86' lang='lat' dir='ltr'>publicam</span> <span class='ocrx_word' id='word_1_288' title='bbox 1610 2265 1730 2296; x_wconf 80' lang='lat' dir='ltr'>turbari</span> <span class='ocrx_word' id='word_1_289' title='bbox 1756 2275 1853 2306; x_wconf 86' lang='lat' dir='ltr'>quarn</span> 
     </span>
     <span class='ocr_line' id='line_1_33' title="bbox 223 2324 1714 2367; baseline -0.002 -10"><span class='ocrx_word' id='word_1_290' title='bbox 223 2336 353 2357; x_wconf 82' lang='lat' dir='ltr'>comam</span> <span class='ocrx_word' id='word_1_291' title='bbox 381 2337 469 2357; x_wconf 73' lang='lat' dir='ltr'>suam</span> <span class='ocrx_word' id='word_1_292' title='bbox 499 2324 682 2359; x_wconf 65' lang='lat' dir='ltr'>Hllll‘elus:</span> <span class='ocrx_word' id='word_1_293' title='bbox 721 2327 760 2359; x_wconf 87' lang='lat' dir='ltr'>R.</span> <span class='ocrx_word' id='word_1_294' title='bbox 788 2328 826 2358; x_wconf 85' lang='lat' dir='ltr'>P.</span> <span class='ocrx_word' id='word_1_295' title='bbox 852 2337 942 2357; x_wconf 85' lang='lat' dir='ltr'>suam</span> <span class='ocrx_word' id='word_1_296' title='bbox 970 2327 1093 2357; x_wconf 82' lang='lat' dir='ltr'>turbari</span> <span class='ocrx_word' id='word_1_297' title='bbox 1119 2337 1215 2367; x_wconf 85' lang='lat' dir='ltr'>quam</span> <span class='ocrx_word' id='word_1_298' title='bbox 1244 2336 1374 2358; x_wconf 83' lang='lat' dir='ltr'>comam</span> <span class='ocrx_word' id='word_1_299' title='bbox 1521 2326 1540 2357; x_wconf 62' lang='lat' dir='ltr'>‘J</span> <span class='ocrx_word' id='word_1_300' title='bbox 1576 2325 1714 2356; x_wconf 87' lang='lat' dir='ltr'>comtior</span> 
     </span>
    </p>

    <p class='ocr_par' dir='ltr' id='par_1_11' title="bbox 224 2381 1857 2756">
     <span class='ocr_line' id='line_1_34' title="bbox 231 2381 1852 2429; baseline 0.002 -17"><span class='ocrx_word' id='word_1_301' title='bbox 231 2383 268 2416; x_wconf 72' lang='grc'>10</span> <span class='ocrx_word' id='word_1_302' title='bbox 288 2385 331 2414; x_wconf 90' lang='lat' dir='ltr'>illi</span> <span class='ocrx_word' id='word_1_303' title='bbox 352 2385 403 2425; x_wconf 75' lang='lat' dir='ltr'>qui</span> <span class='ocrx_word' id='word_1_304' title='bbox 427 2383 536 2429; x_wconf 75' lang='lat' dir='ltr'>Neap.</span> <span class='ocrx_word' id='word_1_305' title='bbox 553 2397 558 2415; x_wconf 87' lang='lat'>:</span> <span class='ocrx_word' id='word_1_306' title='bbox 591 2385 634 2415; x_wconf 91' lang='lat' dir='ltr'>illi</span> <span class='ocrx_word' id='word_1_307' title='bbox 647 2396 665 2415; x_wconf 74' lang='lat'>:÷=</span> <span class='ocrx_word' id='word_1_308' title='bbox 768 2385 805 2417; x_wconf 87' lang='lat' dir='ltr'>ll</span> <span class='ocrx_word' id='word_1_309' title='bbox 828 2386 1064 2426; x_wconf 73' lang='lat' dir='ltr'>componendis</span> <span class='ocrx_word' id='word_1_310' title='bbox 1175 2385 1337 2416; x_wconf 65' lang='lat' dir='ltr'>discendis</span> <span class='ocrx_word' id='word_1_311' title='bbox 1356 2382 1432 2416; x_wconf 76' lang='lat' dir='ltr'>cod,</span> <span class='ocrx_word' id='word_1_312' title='bbox 1454 2387 1485 2417; x_wconf 77' lang='lat' dir='ltr'>et</span> <span class='ocrx_word' id='word_1_313' title='bbox 1503 2388 1642 2417; x_wconf 63' lang='lat' dir='ltr'>‘ueteres</span> <span class='ocrx_word' id='word_1_314' title='bbox 1659 2381 1852 2418; x_wconf 66' lang='lat' dir='ltr'>editione-93</span> 
     </span>
     <span class='ocr_line' id='line_1_35' title="bbox 224 2442 1856 2486; baseline -0.001 -13"><span class='ocrx_word' id='word_1_315' title='bbox 224 2443 369 2474; x_wconf 69' lang='lat' dir='ltr'>dicendis</span> <span class='ocrx_word' id='word_1_316' title='bbox 392 2442 498 2486; x_wconf 58' lang='lat' dir='ltr'>Bipst,</span> <span class='ocrx_word' id='word_1_317' title='bbox 527 2442 685 2481; x_wconf 67' lang='lat' dir='ltr'>Fl&#39;clserl,</span> <span class='ocrx_word' id='word_1_318' title='bbox 707 2442 831 2477; x_wconf 80' lang='lat' dir='ltr'>Haase</span> <span class='ocrx_word' id='word_1_319' title='bbox 960 2444 995 2476; x_wconf 64' lang='lat'>133</span> <span class='ocrx_word' id='word_1_320' title='bbox 1031 2445 1061 2474; x_wconf 90' lang='lat' dir='ltr'>in</span> <span class='ocrx_word' id='word_1_321' title='bbox 1088 2444 1202 2475; x_wconf 60' lang='lat' dir='ltr'>flexu*</span> <span class='ocrx_word' id='word_1_322' title='bbox 1330 2442 1363 2475; x_wconf 67' lang='lat' dir='ltr'>li</span> <span class='ocrx_word' id='word_1_323' title='bbox 1401 2444 1545 2473; x_wconf 55' lang='lat' dir='ltr'>inu-ase*</span> <span class='ocrx_word' id='word_1_324' title='bbox 1667 2442 1784 2472; x_wconf 85' lang='lat' dir='ltr'>metien</span> <span class='ocrx_word' id='word_1_325' title='bbox 1811 2445 1856 2472; x_wconf 83' lang='lat' dir='ltr'>tes</span> 
     </span>
     <span class='ocr_line' id='line_1_36' title="bbox 225 2510 1856 2578; baseline -0.002 -9"><span class='ocrx_word' id='word_1_326' title='bbox 225 2538 258 2569; x_wconf 83' lang='lat' dir='ltr'>(n</span> <span class='ocrx_word' id='word_1_327' title='bbox 286 2537 319 2569; x_wconf 75' lang='lat' dir='ltr'>in</span> <span class='ocrx_word' id='word_1_328' title='bbox 348 2541 435 2573; x_wconf 74' lang='lat' dir='ltr'>ras.)</span> <span class='ocrx_word' id='word_1_329' title='bbox 567 2538 602 2569; x_wconf 73' lang='lat' dir='ltr'>lli</span> <span class='ocrx_word' id='word_1_330' title='bbox 642 2510 779 2569; x_wconf 69' lang='lat' dir='ltr'>conuiiia</span> <span class='ocrx_word' id='word_1_331' title='bbox 901 2539 945 2570; x_wconf 66' lang='lat'>53«)</span> <span class='ocrx_word' id='word_1_332' title='bbox 971 2548 1033 2578; x_wconf 81' lang='lat' dir='ltr'>qua</span> <span class='ocrx_word' id='word_1_333' title='bbox 1054 2538 1216 2568; x_wconf 80' lang='lat' dir='ltr'>celeritate</span> <span class='ocrx_word' id='word_1_334' title='bbox 1234 2547 1326 2570; x_wconf 77' lang='lat' dir='ltr'>uuus</span> <span class='ocrx_word' id='word_1_335' title='bbox 1345 2535 1581 2570; x_wconf 66' lang='lat' dir='ltr'>deteriorum:</span> <span class='ocrx_word' id='word_1_336' title='bbox 1611 2537 1674 2576; x_wconf 54' lang='lat' dir='ltr'>qut—z</span> <span class='ocrx_word' id='word_1_337' title='bbox 1693 2535 1856 2566; x_wconf 82' lang='lat' dir='ltr'>eeleritate</span> 
     </span>
     <span class='ocr_line' id='line_1_37' title="bbox 225 2581 1856 2639; baseline -0.002 -12"><span class='ocrx_word' id='word_1_338' title='bbox 225 2594 304 2630; x_wconf 71' lang='lat' dir='ltr'>cod.</span> <span class='ocrx_word' id='word_1_339' title='bbox 330 2601 447 2636; x_wconf 79' lang='lat' dir='ltr'>quanta</span> <span class='ocrx_word' id='word_1_340' title='bbox 475 2597 532 2627; x_wconf 79' lang='lat' dir='ltr'>cel.</span> <span class='ocrx_word' id='word_1_341' title='bbox 563 2594 668 2639; x_wconf 44' lang='lat' dir='ltr'>nul-rso</span> <span class='ocrx_word' id='word_1_342' title='bbox 791 2596 828 2629; x_wconf 66' lang='lat'>21</span> <span class='ocrx_word' id='word_1_343' title='bbox 861 2597 892 2627; x_wconf 93' lang='lat' dir='ltr'>in</span> <span class='ocrx_word' id='word_1_344' title='bbox 919 2596 1015 2627; x_wconf 74' lang='lat' dir='ltr'>frusta</span> <span class='ocrx_word' id='word_1_345' title='bbox 1043 2597 1147 2630; x_wconf 56' lang='lat' dir='ltr'>caeca:</span> <span class='ocrx_word' id='word_1_346' title='bbox 1179 2596 1327 2626; x_wconf 78' lang='lat' dir='ltr'>insrustra</span> <span class='ocrx_word' id='word_1_347' title='bbox 1450 2594 1492 2627; x_wconf 64' lang='lat'>‘22</span> <span class='ocrx_word' id='word_1_348' title='bbox 1521 2581 1720 2634; x_wconf 71' lang='lat' dir='ltr'>detergeant.</span> <span class='ocrx_word' id='word_1_349' title='bbox 1747 2604 1783 2624; x_wconf 88' lang='lat' dir='ltr'>ex</span> <span class='ocrx_word' id='word_1_350' title='bbox 1807 2593 1856 2624; x_wconf 85' lang='lat' dir='ltr'>his</span> 
     </span>
     <span class='ocr_line' id='line_1_38' title="bbox 225 2652 1856 2696; baseline -0.002 -10"><span class='ocrx_word' id='word_1_351' title='bbox 225 2655 289 2686; x_wconf 85' lang='lat' dir='ltr'>(his</span> <span class='ocrx_word' id='word_1_352' title='bbox 316 2654 349 2686; x_wconf 75' lang='lat' dir='ltr'>in</span> <span class='ocrx_word' id='word_1_353' title='bbox 377 2664 464 2694; x_wconf 72' lang='lat' dir='ltr'>ras.)</span> <span class='ocrx_word' id='word_1_354' title='bbox 588 2657 630 2687; x_wconf 65' lang='lat'>&#39;353</span> <span class='ocrx_word' id='word_1_355' title='bbox 667 2655 827 2696; x_wconf 84' lang='lat' dir='ltr'>elegantie</span> <span class='ocrx_word' id='word_1_356' title='bbox 957 2654 995 2687; x_wconf 57' lang='lat'>24</span> <span class='ocrx_word' id='word_1_357' title='bbox 1035 2666 1093 2686; x_wconf 84' lang='lat' dir='ltr'>nee</span> <span class='ocrx_word' id='word_1_358' title='bbox 1121 2655 1217 2686; x_wconf 84' lang='lat' dir='ltr'>edant</span> <span class='ocrx_word' id='word_1_359' title='bbox 1245 2653 1350 2688; x_wconf 56' lang='lat' dir='ltr'>deca:</span> <span class='ocrx_word' id='word_1_360' title='bbox 1379 2665 1419 2685; x_wconf 86' lang='lat' dir='ltr'>ne</span> <span class='ocrx_word' id='word_1_361' title='bbox 1446 2654 1551 2685; x_wconf 85' lang='lat' dir='ltr'>edant.</span> <span class='ocrx_word' id='word_1_362' title='bbox 1675 2652 1719 2685; x_wconf 71' lang='lat'>25</span> <span class='ocrx_word' id='word_1_363' title='bbox 1751 2653 1782 2683; x_wconf 87' lang='lat' dir='ltr'>in</span> <span class='ocrx_word' id='word_1_364' title='bbox 1811 2657 1856 2683; x_wconf 77' lang='lat' dir='ltr'>ter</span> 
     </span>
     <span class='ocr_line' id='line_1_39' title="bbox 224 2711 1857 2756; baseline -0.002 -11"><span class='ocrx_word' id='word_1_365' title='bbox 224 2716 245 2745; x_wconf 72' lang='grc' dir='ltr'>ῐι</span> <span class='ocrx_word' id='word_1_366' title='bbox 271 2714 303 2743; x_wconf 87' lang='lat' dir='ltr'>bi</span> <span class='ocrx_word' id='word_1_367' title='bbox 331 2714 431 2744; x_wconf 70' lang='lat' dir='ltr'>tiosos</span> <span class='ocrx_word' id='word_1_368' title='bbox 459 2715 528 2747; x_wconf 73' lang='lat' dir='ltr'>‹abi</span> <span class='ocrx_word' id='word_1_369' title='bbox 555 2714 588 2745; x_wconf 76' lang='lat' dir='ltr'>in</span> <span class='ocrx_word' id='word_1_370' title='bbox 613 2714 685 2756; x_wconf 78' lang='lat' dir='ltr'>fine</span> <span class='ocrx_word' id='word_1_371' title='bbox 712 2724 851 2753; x_wconf 70' lang='lat' dir='ltr'>uersus,</span> <span class='ocrx_word' id='word_1_372' title='bbox 878 2713 978 2747; x_wconf 63' lang='lat' dir='ltr'>inicio</span> <span class='ocrx_word' id='word_1_373' title='bbox 1005 2711 1154 2747; x_wconf 74' lang='lat' dir='ltr'>alterius</span> <span class='ocrx_word' id='word_1_374' title='bbox 1171 2725 1190 2743; x_wconf 84' lang='lat'>0</span> <span class='ocrx_word' id='word_1_375' title='bbox 1209 2711 1348 2752; x_wconf 72' lang='lat' dir='ltr'>addila,</span> <span class='ocrx_word' id='word_1_376' title='bbox 1375 2711 1440 2746; x_wconf 80' lang='lat' dir='ltr'>sed</span> <span class='ocrx_word' id='word_1_377' title='bbox 1458 2711 1588 2753; x_wconf 76' lang='lat' dir='ltr'>deleta)</span> <span class='ocrx_word' id='word_1_378' title='bbox 1710 2721 1857 2742; x_wconf 83' lang='lat' dir='ltr'>numera-</span> 
     </span>
    </p>
   </div>
   <div class='ocr_carea' id='block_1_11' title="bbox 225 2767 1856 2875">
    <p class='ocr_par' dir='ltr' id='par_1_12' title="bbox 225 2767 1856 2875">
     <span class='ocr_line' id='line_1_40' title="bbox 225 2767 1856 2816; baseline -0.001 -12"><span class='ocrx_word' id='word_1_379' title='bbox 225 2773 324 2804; x_wconf 81' lang='lat' dir='ltr'>nerim</span> <span class='ocrx_word' id='word_1_380' title='bbox 354 2770 453 2805; x_wconf 79' lang='lat' dir='ltr'>Koch</span> <span class='ocrx_word' id='word_1_381' title='bbox 481 2774 531 2811; x_wconf 76' lang='lat' dir='ltr'>(ul</span> <span class='ocrx_word' id='word_1_382' title='bbox 558 2778 662 2805; x_wconf 69' lang='lat' dir='ltr'>(mlca</span> <span class='ocrx_word' id='word_1_383' title='bbox 686 2775 722 2804; x_wconf 73' lang='lat'>17</span> <span class='ocrx_word' id='word_1_384' title='bbox 752 2774 925 2813; x_wconf 81' lang='lat' dir='ltr'>posuerim,</span> <span class='ocrx_word' id='word_1_385' title='bbox 949 2774 1170 2816; x_wconf 66' lang='lat'>21055235,8</span> <span class='ocrx_word' id='word_1_386' title='bbox 1198 2773 1332 2803; x_wconf 74' lang='lat' dir='ltr'>dixerim</span> <span class='ocrx_word' id='word_1_387' title='bbox 1360 2770 1503 2812; x_wconf 55' lang='lat' dir='ltr'>habe-Q:</span> <span class='ocrx_word' id='word_1_388' title='bbox 1534 2771 1753 2801; x_wconf 73' lang='lat' dir='ltr'>numeraberis</span> <span class='ocrx_word' id='word_1_389' title='bbox 1779 2767 1856 2803; x_wconf 76' lang='lat' dir='ltr'>cod.</span> 
     </span>
     <span class='ocr_line' id='line_1_41' title="bbox 225 2829 1631 2875; baseline -0.001 -12"><span class='ocrx_word' id='word_1_390' title='bbox 225 2833 442 2864; x_wconf 75' lang='lat' dir='ltr'>numeraueris</span> <span class='ocrx_word' id='word_1_391' title='bbox 470 2830 577 2875; x_wconf 66' lang='lat' dir='ltr'>nulyo</span> <span class='ocrx_word' id='word_1_392' title='bbox 701 2833 779 2862; x_wconf 61' lang='lat' dir='ltr'>sella</span> <span class='ocrx_word' id='word_1_393' title='bbox 805 2844 848 2864; x_wconf 76' lang='lat' dir='ltr'>se,</span> <span class='ocrx_word' id='word_1_394' title='bbox 875 2839 904 2863; x_wconf 83' lang='lat' dir='ltr'>et</span> <span class='ocrx_word' id='word_1_395' title='bbox 930 2832 1062 2863; x_wconf 69' lang='lat' dir='ltr'>lecticas</span> <span class='ocrx_word' id='word_1_396' title='bbox 1089 2840 1145 2873; x_wconf 48' lang='lat' dir='ltr'>(se.</span> <span class='ocrx_word' id='word_1_397' title='bbox 1173 2836 1202 2863; x_wconf 79' lang='lat' dir='ltr'>ct</span> <span class='ocrx_word' id='word_1_398' title='bbox 1229 2835 1261 2865; x_wconf 76' lang='lat' dir='ltr'>ec</span> <span class='ocrx_word' id='word_1_399' title='bbox 1288 2842 1302 2861; x_wconf 81' lang='lat' dir='ltr'>s</span> <span class='ocrx_word' id='word_1_400' title='bbox 1324 2835 1410 2875; x_wconf 76' lang='lat' dir='ltr'>post</span> <span class='ocrx_word' id='word_1_401' title='bbox 1436 2841 1454 2860; x_wconf 86' lang='lat' dir='ltr'>a</span> <span class='ocrx_word' id='word_1_402' title='bbox 1480 2830 1513 2862; x_wconf 77' lang='lat' dir='ltr'>in</span> <span class='ocrx_word' id='word_1_403' title='bbox 1542 2829 1631 2870; x_wconf 75' lang='lat' dir='ltr'>ras.)</span> 
     </span>
    </p>
   </div>
   <div class='ocr_carea' id='block_1_12' title="bbox 1878 1273 1897 1305">
    <p class='ocr_par' dir='ltr' id='par_1_13' title="bbox 1878 1273 1897 1305">
     <span class='ocr_line' id='line_1_42' title="bbox 1878 1273 1897 1305; baseline 0 -2"><span class='ocrx_word' id='word_1_404' title='bbox 1878 1273 1897 1305; x_wconf 75' lang='lat'>5</span> 
     </span>
    </p>
   </div>
   <div class='ocr_carea' id='block_1_13' title="bbox 1879 1910 1899 1941">
    <p class='ocr_par' dir='ltr' id='par_1_14' title="bbox 1879 1910 1899 1941">
     <span class='ocr_line' id='line_1_43' title="bbox 1879 1910 1899 1941; baseline -0.15 0"><span class='ocrx_word' id='word_1_405' title='bbox 1879 1910 1899 1941; x_wconf 74' lang='lat' dir='ltr'>li</span> 
     </span>
    </p>
   </div>
  </div>
 </body>
</html>
