1977 3231
402 131 506 158 DIAL.
528 131 578 158 VI.
618 132 671 156 AD
694 131 882 157 MARCIAM
905 131 957 156 DE
977 129 1298 157 CONSOLATIONE.
1337 131 1363 157 2.
1385 131 1410 156 3.
1636 132 1715 171 1223

97 231 261 282 ingenio
294 234 523 282 potentem,
560 228 659 280 [sedf
694 227 938 280 frugalitatis
972 227 1330 279 continentiaeque
1352 228 1390 266 in
1414 226 1490 266 illis
1512 232 1581 266 aut
1605 227 1720 265 annis

95 307 166 340 aut
189 300 338 354 opibus
361 313 444 339 non
467 300 730 338 mediocriter
753 300 1034 348 admirandae,
1052 300 1281 352 patientem
1305 298 1508 345 laborum,
1530 296 1717 348 uolupta-

95 372 203 411 tibus
246 370 447 418 alienum,
490 376 875 423 quantumcumque
913 372 1112 422 inponere
1144 368 1197 409 illi
1230 368 1454 408 auunculus
1488 374 1548 416 et,
1592 375 1633 406 ut
1664 368 1720 406 ita

94 442 250 490 dicam,
293 440 553 480 inaedificare
587 440 799 490 uoluisset,
842 441 1032 480 laturum.
1094 441 1202 480 bene
1234 439 1393 492 legerat
1426 438 1521 478 nulli
1555 450 1720 477 cessura

94 513 268 565 ponderi
312 511 591 551 fundamenta.
655 511 811 551 nullum
850 512 974 551 finem
1014 525 1089 563 per
1121 525 1246 550 omne
1281 512 1389 550 uitae
1421 523 1520 549 suae
1552 515 1719 560 tempus
1740 522 1755 544 ε»

94 583 219 622 flendi
261 583 540 636 gemendique
584 582 679 622 fecit
720 596 797 622 nec
840 582 940 622 ullas
983 583 1148 621 admisit
1194 595 1317 620 uoces
1356 580 1534 620 salutare
1567 579 1719 631 aliquid

94 653 339 702 adferentis,
371 667 422 692 ne
454 655 618 692 auocari
650 654 818 705 quidem
851 666 896 692 se
927 666 1049 705 passa
1082 658 1168 691 est:
1212 652 1369 690 intenta
1402 651 1441 689 in
1474 664 1598 690 unam
1632 663 1719 689 rem

94 731 135 764 et
168 730 261 764 toto
294 725 433 763 animo
467 723 608 763 adfixa
640 723 731 763 talis
763 737 836 776 per
869 737 1039 763 omnem
1073 723 1201 761 uitam
1234 721 1318 769 fuit,
1352 721 1482 774 qualis
1505 723 1544 760 in
1568 720 1720 759 funere.

93 809 173 834 non
209 796 302 834 dico
337 808 419 833 non
450 800 512 833 est
535 808 634 834 ausa
657 808 919 846 consurgere,
952 794 1026 833 secl
1050 793 1230 832 adleuari
1262 806 1464 840 recusans,
1493 792 1719 831 secundam

92 866 317 905 orbitatem
367 865 548 904 iudicans
601 864 790 904 lacrimas
832 865 1044 912 amittere,
1098 863 1251 902 nullam
1297 862 1452 902 babere
1496 862 1719 914 imaginem

46 941 58 970 ἴ
92 936 158 976 filii
197 936 392 975 carissimi
431 935 581 983 uoluit,
634 935 787 975 nullam
826 935 903 975 sibi
935 937 988 974 de
1020 935 1089 974 illo
1122 934 1207 974 fieri
1242 934 1508 973 mentionem.
1574 933 1721 972 oderat

92 1021 239 1047 omnes
279 1014 433 1046 matres
473 1013 513 1046 et
556 1007 593 1045 in
627 1007 787 1046 Liuiam
831 1007 1013 1046 maxime
1057 1006 1239 1053 furebat,
1281 1006 1375 1058 quia
1418 1004 1637 1062 uid-ebatur
1668 1003 1722 1042 ad

91 1078 190 1117 illius
232 1077 358 1117 filium
404 1078 596 1117 transisse
639 1077 716 1117 sibi
747 1078 953 1130 promissa
984 1076 1163 1116 felicitas.
1226 1075 1408 1115 tenebris
1441 1082 1482 1113 et
1514 1073 1722 1113 solitudini

90 1148 411 1196 familiarissima,
445 1162 496 1187 ne
518 1149 571 1188 ad
595 1147 763 1188 fratrem
787 1149 955 1201 quidem
979 1147 1210 1200 respiciens,
1243 1146 1425 1185 carmina
1447 1145 1721 1184 celebrandae

91 1219 273 1259 Marcelli
307 1220 534 1258 memoriae
567 1220 785 1272 conposita
817 1218 1001 1270 aliosque
1033 1219 1264 1257 studiorum
1297 1216 1478 1256 honores
1511 1216 1648 1254 reiecit
1680 1220 1721 1254 et
1759 1229 1774 1250 5

89 1304 207 1330 aures
248 1304 342 1329 suas
385 1291 583 1329 aduersus
616 1304 742 1329 omne
774 1289 973 1329 solacium
1006 1289 1159 1328 clausit.
1223 1302 1246 1327 a
1278 1287 1548 1326 sollemnibus
1581 1284 1722 1324 officiis

89 1363 262 1400 seducta
310 1366 351 1400 et
399 1362 531 1413 ipsam
585 1361 879 1412 magnitudinis
931 1359 1135 1399 fraternae
1187 1359 1306 1398 nimis
1358 1356 1720 1397 circumlucentem

89 1431 298 1471 fortunam
332 1445 464 1471 exosa
497 1430 659 1471 defodit
692 1446 736 1470 se
770 1438 810 1470 et
842 1431 1014 1470 abdidit.
1077 1429 1363 1469 adsidentibus
1394 1428 1552 1475 liberis,
1592 1441 1720 1479 nepo-

87 1503 197 1542 tibus
229 1503 447 1555 lugubrem
481 1508 640 1542 uestem
674 1516 757 1541 non
793 1502 998 1554 deposuit,
1031 1515 1115 1540 non
1147 1501 1232 1539 sine
1262 1498 1512 1539 contumelia
1540 1499 1720 1537 omnium

88 1587 268 1621 suorum,
301 1574 447 1626 quibus
479 1573 601 1612 saluis
634 1573 737 1612 orba
768 1573 843 1612 sibi
875 1572 1105 1612 uidebatur.

206 1644 272 1683 III.
323 1644 440 1683 Liuia
462 1645 655 1683 amiserat
676 1643 803 1683 filium
826 1644 1020 1690 Drusum,
1054 1655 1254 1694 magnum
1278 1640 1456 1680 futurum
1479 1641 1717 1693 principem,

55 1753 59 1755 i
87 1715 168 1754 iarn
212 1728 412 1767 magnum
456 1716 633 1754 ducem:
680 1715 904 1753 intrauerat
946 1714 1108 1766 penitus
1141 1712 1408 1752 Germaniam
1442 1718 1482 1750 et
1515 1711 1569 1749 ibi
1602 1711 1719 1761 signa

44 2218 64 2251 Ιᾴ,Ἰ

88 1785 282 1825 Romana
328 1785 499 1834 fixerat,
554 1785 622 1824 ubi
665 1786 736 1824 uix
779 1784 883 1823 ullos
926 1797 1018 1823 esse
1059 1784 1278 1822 Romanos
1320 1788 1466 1821 notum
1509 1787 1608 1821 erat.
1680 1780 1718 1818 in

89 1857 359 1909 expeditione
392 1857 627 1895 decesserat
659 1857 757 1909 ipsis
789 1855 901 1895 illum
930 1854 1119 1894 hostibus
1142 1868 1314 1907 aegrum
1338 1867 1432 1892 curn
1454 1851 1719 1892 ueneratione

90 1933 131 1967 et
163 1931 267 1980 pace
300 1934 442 1967 mutua
475 1927 821 1980 prosequentibus
854 1939 930 1965 nec
963 1931 1108 1978 optare
1141 1926 1256 1978 quod
1289 1924 1542 1978 expediebat
1564 1920 1717 1962 auden·
1739 1936 1772 1958 ···›

88 1998 208 2037 tibus.
262 1998 493 2038 accedebat
525 1999 579 2037 ad
612 1997 719 2037 hanc
747 2003 941 2045 mortem,
974 2004 1099 2049 quam
1129 1996 1194 2035 ille
1215 2009 1293 2048 pro
1316 1995 1525 2048 republica
1548 1993 1719 2039 obierat,

89 2069 235 2121 ingens
278 2070 425 2108 ciuium
471 2069 858 2121 prouinciarumque
901 2073 942 2106 et
984 2067 1110 2106 totius
1150 2067 1289 2106 Italiae
1333 2066 1604 2112 desiderium,
1646 2076 1720 2116 per

90 2153 215 2192 quam
260 2140 395 2179 effusis
438 2140 475 2178 in
519 2139 700 2179 officium
743 2138 919 2191 lugubre
963 2138 1188 2190 municipiis
1226 2137 1481 2189 coloniisque
1519 2148 1648 2187 usque
1681 2134 1720 2172 in

91 2211 237 2250 urbem
272 2212 442 2250 ductum
478 2216 564 2250 erat
596 2210 715 2249 funus
747 2209 959 2261 triumpho
989 2208 1251 2248 simillimum.
1304 2222 1387 2247 non
1410 2207 1578 2246 licuerat
1600 2205 1718 2245 matri

92 2281 234 2320 ultima
267 2281 332 2320 filii
366 2281 506 2321 oscula
539 2287 789 2333 gratumque
813 2280 990 2319 extremi
1012 2292 1249 2318 sermonem
1273 2279 1354 2318 oris
1376 2278 1548 2318 haurire.
1592 2276 1720 2328 longo

98 2411 108 2443 l
141 2415 304 2452 potentem
335 2409 531 2444 deteriores
556 2408 738 2443 nonrmlli:
769 2410 936 2450 inpotente
1058 2409 1113 2440 sed
1140 2407 1286 2441 induxi!
1314 2405 1480 2440 Muretus
1604 2405 1616 2438 t
1647 2405 1723 2436 asse-

94 2471 190 2501 rentis
222 2470 233 2512 (
238 2469 344 2514 prior
371 2470 385 2500 f
406 2470 441 2502 iu
469 2478 560 2506 ras.)
691 2473 711 2497 ,κ’
740 2469 836 2499 affixa
870 2478 874 2499 ι
886 2467 992 2512 prior
1021 2468 1035 2498 s
1057 2467 1093 2500 z'n
1120 2474 1208 2508 ras.)
1346 2467 1383 2498 w
1409 2466 1555 2496 amittere
1583 2463 1718 2508 Ncap.:

94 2529 220 2560 mittere
240 2530 366 2573 (supra
386 2540 416 2559 m
435 2532 487 2562 est
506 2539 522 2559 e
541 2526 635 2561 uela
656 2526 786 2568 deleta)
893 2526 927 2558 Ιῖ)
955 2526 1140 2567 composita
1238 2525 1389 2566 alios‹1;·:÷:-
1501 2524 1536 2556 li
1563 2525 1722 2554 fraternae

94 2589 188 2619 nimis
207 2586 424 2622 deteriorant
444 2597 537 2620 nnus
556 2591 588 2620 et
607 2586 717 2620 alter:
748 2587 885 2617 fraterna
904 2586 999 2616 nimis
1018 2583 1099 2627 (sad
1115 2588 1197 2617 (mle
1215 2585 1311 2615 nimis
1329 2582 1467 2627 aliquid
1485 2582 1651 2617 deletum)

95 2648 138 2680 322
165 2648 258 2688 sigua
277 2634 436 2678 Romana
464 2647 576 2677 fixerat
604 2644 789 2679 Muretus:
820 2646 943 2686 signum
972 2645 1113 2675 Romani
1142 2644 1274 2674 fixerunt
1409 2642 1451 2675 'ls‘
1480 2642 1720 2683 prosequentib:

98 2706 265 2750 (praeter
291 2706 348 2743 tib;
379 2705 412 2739 in
439 2706 530 2747 νας.)
679 2705 723 2737 212
757 2704 937 2746 pro-R·P·
1076 2702 1116 2735 '21
1151 2703 1348 2744 puinciauq:
1378 2702 1425 2742 (πμ
1455 2701 1489 2733 iu
1518 2703 1603 2740 ras.)

158 2772 183 2788 nl

98 2801 142 2833 *ΔΝ
177 2800 326 2842 unicipiis
470 2800 514 2834 30
549 2800 661 2831 ultima
697 2798 894 2832 (leleriores
927 2796 1078 2841 aliqnolz
1116 2798 1237 2827 utinam
1274 2794 1353 2839 (sed
1386 2807 1403 2827 u
1438 2796 1470 2828 ιή
1506 2795 1595 2836 ras.)

99 2863 262 2900 gratumffl
278 2869 297 2888 -ιιτ-

1746 874 1773 897 1ο

1742 2290 1774 2311 :w
1801 2303 1810 2312 ι
