2008 3221
272 129 340 154 XIV
802 126 852 151 DE
875 125 1024 151 CODICE
1044 124 1362 151 MEDIOLANENSI.

250 225 395 265 litteris
438 223 771 275 Longobardicis
804 221 1084 273 conscripum,
1126 221 1491 272 septingentorum
1531 227 1574 260 et
1606 221 1782 273 amplius
1814 236 1883 261 an-

253 310 401 335 norum
436 296 682 346 antiquitate
706 292 986 331 uenerandus:
1025 290 1123 329 illud
1157 291 1283 329 etiam
1317 297 1358 330 te
1391 305 1557 339 moneo,
1591 291 1886 332 humanissime

252 367 403 411 lector,
447 379 500 404 ex
542 365 623 403 hoc
665 363 928 415 potissimum
973 362 1118 400 codice
1161 361 1373 400 Muretum
1427 363 1487 401 sui
1530 362 1717 402 Senecae
1759 377 1885 416 quem

253 437 382 476 edidit
406 436 706 474 correctionem
740 428 941 485 petiisse',
975 432 1029 470 ad
1062 445 1168 483 quae
1202 432 1364 471 addidit
1397 439 1480 472 tres
1511 433 1628 473 locos
1661 448 1683 473 a
1717 434 1884 474 Mureto

253 521 306 546 ex
331 506 474 545 codice
497 504 563 543 illo
587 504 848 543 emendatos.
915 501 1035 554 Quae
1070 501 1225 553 Olgiati
1260 503 1389 541 uerba
1422 504 1493 542 uix
1525 504 1777 551 attulissem,
1811 505 1886 544 nisi

252 577 317 616 hic
349 576 508 615 fontem
542 575 780 613 uideremus
812 573 914 612 illius
949 573 1001 611 de
1034 572 1186 611 Mureti
1220 574 1364 612 codice
1389 572 1527 613 Siculo
1549 574 1725 623 fabulae,
1758 589 1884 627 quam

255 647 318 686 uel
343 647 468 686 Gertz
495 646 680 696 diligenti
714 650 756 683 at
788 656 1097 695 superuacanea
1128 648 1270 682 tamen
1304 657 1433 695 opera
1467 644 1775 685 dissoluendam
1809 647 1885 686 sibi

252 731 341 757 esse
373 717 556 769 putauit;
594 728 729 767 neque
762 715 895 753 minus
928 713 994 752 hic
1025 721 1230 765 apparent
1263 715 1415 754 doctae
1447 714 1540 754 illae
1572 722 1699 756 notae
1731 703 1882 769 margi-

252 788 383 835 nales,
439 801 541 839 quas
589 793 729 825 tamen
773 786 893 824 tertia
935 798 1060 823 manu
1113 798 1213 824 sane
1262 785 1479 825 nonnullas
1523 786 1711 826 exhiberi
1753 787 1884 834 faten-

254 860 352 898 dum
387 864 459 897 est.
523 858 565 896 In
600 857 765 896 alterius
798 855 879 895 folii
912 855 1050 894 fronte
1081 857 1343 895 inueniuntur
1371 853 1453 896 ‘est
1482 856 1657 897 Antonii
1680 858 1887 898 Francisci

254 929 500 982 Neapolitae
533 927 757 967 Caraccioli
789 926 903 965 siculi
937 932 978 966 et
1011 928 1240 966 amicorum
1275 941 1384 966 anno
1434 929 1541 969 1583
1587 931 1637 968 10
1673 928 1745 968 cal.
1779 929 1886 969 Nou.

252 999 495 1039 Messanae'.
569 999 612 1036 In
656 1011 802 1036 auersa
854 1003 973 1049 parte
1024 998 1151 1036 index
1199 998 1324 1037 minio
1367 983 1543 1050 scriptus
1585 999 1665 1039 hac
1715 1000 1884 1051 quidem

252 1070 409 1109 forma:
447 1070 492 1108 L.
519 1069 656 1108 Annei
687 1067 873 1107 Senecae
912 1067 915 1121 1
960 1068 1236 1121 Dialogorum
1260 1068 1351 1108 libri
1374 1070 1485 1109 nuri&
1508 1070 1599 1109 XII.
1640 1071 1645 1116 1
1681 1071 1721 1109 in
1743 1071 1886 1122 primis

253 1141 302 1180 ad
327 1140 542 1180 Lucilium.
587 1139 728 1192 Quare
751 1139 886 1191 aliqua
926 1138 928 1192 Ι
968 1141 1242 1179 incommoda
1264 1140 1385 1180 bonis
1418 1142 1512 1180 u1ris
1544 1142 1747 1180 accidant.
1791 1155 1884 1180 cum

252 1212 514 1264 prouidentia
555 1211 605 1249 sit
650 1212 653 1259 1
698 1211 752 1248 ad
785 1209 1001 1249 Serenum.
1055 1224 1133 1249 nec
1164 1211 1363 1250 iniuriam.
1415 1225 1493 1251 nec
1537 1209 1542 1266 1
1587 1211 1883 1252 contumeliam

252 1285 439 1335 accipere
470 1282 770 1334 sapientem...
802 1279 805 1335 1
834 1282 889 1320 ad
910 1288 1115 1321 nouatum
1140 1283 1193 1321 de
1216 1283 1274 1322 ira
1295 1282 1386 1322 libri
1408 1282 1463 1321 ΙΙΙ
1503 1281 1508 1335 1
1546 1282 1599 1321 ad
1614 1282 1814 1322 Marciam
1854 1286 1858 1331 1

253 1355 306 1393 ad
339 1353 573 1393 Gallionem
607 1353 660 1391 de
693 1353 776 1391 uita
807 1351 933 1391 beata
972 1354 976 1392 1
1015 1353 1068 1391 ad
1111 1384 1147 1392 ..
1174 1383 1212 1391 ..
1247 1354 1300 1391 de
1333 1355 1421 1392 otio
1462 1353 1465 1405 1
1504 1354 1558 1392 ad
1591 1352 1796 1393 Serenum
1832 1354 1885 1393 de

252 1423 546 1477 tranquillitate
579 1423 702 1462 animi
753 1421 757 1473 1
806 1423 859 1462 ad
889 1422 1103 1462 Paulinum
1139 1424 1192 1462 de
1224 1423 1429 1463 breuitate
1462 1425 1571 1463 uitae
1620 1424 1624 1476 1
1672 1425 1726 1463 ad
1759 1423 1883 1475 Poly-

253 1496 367 1534 bium
397 1495 400 1545 1
430 1495 484 1533 ad
508 1493 700 1533 Helbiam
726 1500 918 1533 matrem.
963 1492 1160 1546 Sequitur
1182 1500 1420 1534 atramento
1443 1496 1669 1547 scriptum:
1697 1495 1884 1534 eiusdem

250 1564 425 1617 epistola
447 1566 499 1604 ad
524 1565 567 1604 Β.
592 1564 774 1604 Paulum.
799 1565 986 1604 eiusdem
1003 1564 1284 1617 epitaphium;
1312 1565 1464 1605 deinde
1481 1567 1629 1604 iterum
1648 1566 1798 1605 minio:
1825 1567 1882 1605 in-

250 1637 347 1689 cipit
371 1636 422 1675 ad
451 1636 548 1674 Luc.
574 1642 615 1675 et
637 1642 712 1675 cet.
756 1636 801 1675 In
832 1635 1086 1687 singularum
1109 1637 1355 1688 paginarum
1385 1642 1503 1688 parte
1524 1637 1736 1688 superiore
1760 1650 1884 1676 manu

250 1707 399 1746 saeculi
422 1707 550 1759 quinti
575 1707 723 1745 decimi
746 1706 889 1746 titulus
913 1706 1003 1746 libri
1026 1713 1262 1746 atramento
1277 1708 1454 1759 scriptus
1469 1712 1552 1753 est;
1580 1708 1686 1746 inter
1699 1707 1884 1758 singulos

250 1777 376 1816 libros
399 1777 539 1817 titulus
562 1778 687 1816 minio
711 1778 880 1830 antiqua
903 1791 1049 1825 manu3
1075 1784 1174 1829 post
1198 1777 1413 1829 dialogum
1438 1778 1491 1816 de
1515 1777 1600 1816 uita
1621 1778 1757 1826 beata,
1780 1791 1882 1830 quo-

251 1861 344 1887 cum
378 1848 658 1899 fragmentum
693 1850 745 1887 de
788 1850 875 1888 otio
918 1848 1123 1888 artissime
1165 1849 1447 1900 coniungitur,
1490 1854 1727 1888 atramento
1760 1862 1885 1888 manu

251 1921 424 1959 recenti:
453 1921 505 1958 de
528 1919 822 1972 tranquillitate
844 1920 979 1959 animi.
1024 1920 1124 1958 Post
1141 1918 1356 1970 dialogum
1373 1920 1427 1958 de
1449 1918 1740 1972 tranquillitate
1762 1919 1885 1958 animi

252 1995 293 2028 et
325 1990 487 2029 titulum
522 1990 574 2029 de
606 1990 811 2030 breuitate
843 1993 953 2030 uitae
985 2004 1065 2030 una
1088 1991 1241 2043 pagina
1263 2004 1394 2029 uacua
1426 1996 1499 2029 est.
1563 1989 1758 2042 Sequitur
1789 1996 1887 2042 post

253 2060 464 2111 dialogum
499 2062 552 2100 de
586 2062 789 2101 breuitate
822 2063 958 2101 uitae:
996 2062 1198 2113 incipit..
1226 2095 1230 2099 .
1258 2094 1264 2099 .
1300 2063 1352 2100 de
1395 2060 1683 2100 consolatione
1708 2092 1885 2107 .......

253 2132 404 2170 deinde
436 2145 516 2170 una
548 2133 699 2184 pagina
732 2133 794 2171 uel
821 2132 1062 2173 oblitterata
1085 2132 1149 2171 uel
1173 2133 1332 2179 abrasa,
1365 2133 1461 2171 item
1494 2145 1672 2183 sequens
1706 2131 1886 2179 dimidia,

252 2208 339 2241 tum
385 2203 510 2241 minio
552 2203 775 2255 scriptum:
823 2204 962 2256 incipit
1005 2204 1059 2242 ad
1103 2202 1300 2242 Helbiam
1345 2208 1544 2255 matrem,
1600 2202 1675 2241 sed
1718 2201 1886 2254 singulis

252 2273 411 2324 paginis
465 2287 547 2311 non
601 2273 708 2312 ultra
759 2274 928 2326 quidem
982 2288 1107 2327 quam
1162 2275 1345 2326 septenis
1393 2273 1719 2324 suprascriptum
1762 2285 1887 2311 manu

254 2344 431 2382 recenti:
469 2345 522 2383 ad
557 2344 752 2383 Lesbiam
787 2351 964 2384 matrem
1011 2347 1064 2384 de
1108 2359 1219 2384 cons.
1284 2345 1328 2383 In
1371 2343 1453 2383 folii
1486 2342 1734 2394 octogesimi
1778 2343 1886 2381 sexti

254 2420 371 2465 parte
405 2414 579 2453 aduersa
611 2415 717 2454 duae
750 2415 950 2467 epistulae
985 2416 1096 2455 Pauli
1131 2430 1255 2455 manu
1289 2415 1445 2454 recenti
1478 2414 1656 2466 scriptae
1689 2419 1805 2461 sunt,
1847 2413 1886 2452 in

255 2490 372 2535 parte
415 2498 559 2523 auersa
603 2492 643 2524 et
676 2485 774 2524 solio
818 2487 1081 2538 octogesimo
1124 2488 1306 2538 septimo
1350 2492 1391 2525 et
1425 2485 1691 2537 octogesimo
1735 2490 1887 2523 octauo

256 2554 433 2605 reliquae
475 2555 673 2607 epistulae
716 2563 757 2595 et
805 2557 1064 2609 epitaphium
1110 2557 1255 2597 litteris
1299 2555 1634 2606 Longobardicis
1678 2560 1888 2601 exaratae,

257 2638 308 2662 ex
339 2639 420 2676 qua
443 2627 667 2678 scripturae
691 2627 928 2666 diuersitate
952 2634 1136 2680 apparet,
1170 2629 1237 2680 qui
1272 2627 1358 2666 fieri
1386 2627 1579 2680 potuerit,
1614 2632 1658 2665 ut
1703 2624 1792 2664 Itali
1834 2625 1888 2663 ad

257 2695 489 2735 Fesslcrum
533 2699 710 2749 primum
744 2699 991 2745 scriberent,
1026 2698 1136 2737 Pauli
1172 2698 1368 2751 epistulas
1411 2711 1535 2736 manu
1568 2695 1718 2736 saeculi
1760 2696 1889 2747 quinti

257 2766 403 2804 decimi
448 2774 641 2806 exaratas
684 2782 796 2815 esse,
849 2770 1001 2808 deinde
1043 2770 1167 2808 iidem
1210 2771 1529 2815 adseuerarent‚
1573 2768 1721 2806 eadem
1763 2773 1889 2818 atque

257 2838 445 2876 codicem
480 2852 602 2876 manu
637 2852 727 2877 esse
759 2841 942 2891 scriptas
