1977 3231
328 140 432 167 DlAL.
455 141 507 167 XI.
546 141 602 167 AD
624 141 799 168 HELVIAM
822 141 993 166 MATREM
1016 141 1068 165 DF,
1087 140 1408 168 CONSOLA'I'IONE.
1447 144 1470 167 S.
1493 145 1518 169 τι,
1645 145 1729 183 255

102 236 275 276 terualla
306 242 347 276 et
380 249 524 276 causas
555 238 804 289 inuestigare
836 236 899 276 uel
933 237 1044 276 ocius
1067 237 1233 276 meandi
1256 237 1320 277 uel
1343 238 1510 285 tardius,
1543 242 1731 290 spectare

103 313 168 347 tot
208 321 282 360 per
323 313 492 347 noctem
535 308 675 347 stellas
718 308 906 347 micantis
949 314 990 347 et
1032 307 1128 347 alias
1170 307 1408 355 inmobiles,
1449 307 1546 347 alias
1577 321 1661 346 non
1693 307 1732 346 in

104 391 304 430 magnum
345 380 524 430 spatium
568 379 758 417 exeuntis
791 378 862 417 sed
896 378 1001 417 intra
1032 392 1152 417 suum
1185 392 1230 417 se
1261 379 1578 430 circumagentis
1610 378 1729 417 uesti-

104 450 228 501 gium,
257 450 459 501 quasdam
483 449 620 488 subito
643 449 907 501 erumpentis,
929 449 1132 500 quasdam
1155 449 1250 500 igne
1272 448 1361 488 fuso
1384 449 1732 501 praestringentes

104 520 246 567 aciem,
278 519 393 571 quasi
425 520 630 566 decidant,
664 518 728 558 uel
759 518 888 570 longo
921 524 1053 557 tractu
1086 531 1179 557 cum
1212 518 1302 557 luce
1334 518 1464 558 multa
1491 525 1730 571 praeteruo-
1770 532 1785 554 ε,

104 582 380 638 lantestum
414 588 507 629 cum
541 590 603 629 his
635 590 711 629 sim
744 595 784 628 et
817 589 1075 636 caelestibus,
1107 602 1188 640 qua
1220 589 1374 628 homini
1397 589 1456 628 fas
1489 595 1563 637 est,
1594 589 1731 628 inmis-

106 674 220 708 cear,
263 662 363 700 dum
402 661 583 700 animum
624 661 677 700 ad
710 665 983 711 cognatarum
1016 673 1152 698 rerum
1186 665 1457 712 conspectum
1491 661 1732 699 tendentem

105 732 144 770 in
178 731 341 771 sublimi
374 745 539 784 semper
571 731 776 770 habeam:
824 735 1024 782 quantum
1058 729 1181 769 refert
1214 743 1318 777 mea,
1351 730 1448 781 quid
1482 730 1664 769 calcem?

226 802 295 841 IX.
339 802 400 841 At
443 815 526 840 non
569 807 631 840 est
674 800 777 840 haec
815 806 924 840 terra
946 785 1242 852 'frugiferarum
1275 805 1345 839 aut
1376 799 1577 839 laetarum
1610 800 1732 839 arbo-

106 886 196 912 rum
230 871 357 911 ferax.
411 886 494 911 non
527 872 689 923 magnis
712 884 789 910 nec
811 869 1113 922 nauigabilibus
1137 870 1351 909 fluminum
1375 870 1500 909 alueis
1523 871 1730 922 infigatur.
1756 882 1786 906 ιο

106 942 202 981 nihil
236 943 383 994 gignit,
416 943 531 993 quod
564 941 668 981 aliae
699 948 846 993 gentes
878 946 1035 993 petant,
1070 941 1139 980 uix
1173 941 1226 980 ad
1259 940 1433 980 tutelam
1468 941 1733 980 incolentium

107 1012 256 1052 fertilis.
319 1026 401 1052 non
435 1013 639 1064 pretiosus
671 1012 736 1051 hic
768 1011 870 1064 lapis
893 1012 1089 1059 caeditur,
1121 1025 1205 1050 non
1228 1012 1313 1051 auri
1335 1011 1579 1066 argentique
1603 1025 1733 1050 uenae

108 1089 314 1123 eruuntur.
376 1089 576 1135 angustus
618 1083 778 1122 animus
817 1088 902 1129 est,
945 1095 1070 1134 quem
1104 1088 1269 1122 terrena
1301 1081 1535 1121 delectant:
1583 1082 1636 1120 ad
1670 1080 1735 1120 illa

107 1154 381 1194 abducendus
434 1160 516 1201 est,
569 1167 676 1205 quae
729 1152 881 1204 ubique
935 1165 1067 1204 aeque
1119 1158 1343 1204 apparent,
1398 1152 1548 1204 ubique
1602 1165 1734 1204 aeque

108 1224 328 1277 splendent
403 1230 443 1263 et
484 1223 565 1263 hoc
607 1224 877 1275 cogitandum
921 1229 1005 1271 est,
1048 1223 1124 1262 ista
1163 1224 1269 1262 ueris
1301 1223 1422 1262 bonis
1454 1235 1529 1274 per
1561 1222 1661 1262 falsa
1694 1227 1734 1261 et
1756 1234 1787 1259 15

107 1309 236 1348 praue
278 1296 435 1335 credita
477 1294 658 1334 obstare.
712 1292 803 1346 ‘quo
846 1293 1060 1345 longiores
1102 1294 1284 1346 porticus
1326 1293 1608 1346 expedierint,
1651 1306 1734 1345 quo

109 1366 227 1405 altius
258 1371 390 1405 turres
422 1364 670 1411 sustulerint,
702 1377 786 1416 quo
808 1363 928 1403 latius
952 1365 1064 1403 uicos
1088 1365 1362 1417 porrexerint,
1394 1377 1478 1416 quo
1502 1364 1734 1416 depressius

109 1437 290 1476 aestiuos
342 1450 489 1489 specus
540 1435 740 1483 foderint,
790 1448 874 1486 quo
928 1435 1073 1474 maiori
1117 1434 1229 1474 mole
1272 1434 1432 1487 fastigia
1471 1435 1734 1474 cenationum

110 1508 404 1555 subduxerint,
446 1506 528 1545 hoc
559 1506 651 1559 plus
684 1507 780 1553 erit,
814 1506 928 1557 quod
961 1505 1035 1545 illis
1068 1505 1229 1545 caelum
1262 1506 1504 1545 abscondat.
1569 1506 1607 1544 in
1641 1518 1732 1544 earn

109 1585 150 1618 te
193 1579 408 1630 regionem
452 1592 568 1617 casus
611 1578 748 1626 eiecit,
792 1579 831 1618 in
870 1591 951 1630 qua
990 1576 1264 1616 lautissimum
1298 1576 1604 1628 receptaculum
1639 1589 1733 1614 casa
1754 1587 1787 1612 *20

109 1655 195 1690 est:
242 1662 319 1688 nae
361 1655 405 1688 tu
437 1644 569 1701 pusilli
601 1649 725 1688 animi
757 1663 800 1688 es
833 1654 874 1688 et
907 1648 1076 1688 sordide
1108 1661 1153 1686 se
1186 1647 1459 1694 consolantis,
1502 1647 1533 1685 si
1566 1647 1661 1686 ideo
1694 1646 1734 1684 id

110 1720 269 1760 fortiter
301 1720 474 1772 pateris,
507 1720 602 1771 quia
634 1719 802 1759 Romuli
835 1733 973 1759 casam
1006 1719 1126 1758 nosti.
1189 1718 1254 1758 dic
1285 1718 1384 1757 illud
1416 1718 1579 1770 potius:
1627 1716 1733 1756 istud

109 1790 264 1830 humile
315 1791 525 1842 tugurium
579 1804 731 1843 nempe
773 1791 944 1830 uirtutes
986 1790 1150 1843 recipit:
1210 1790 1289 1828 iam
1334 1788 1528 1828 omnibus
1570 1787 1734 1840 templis

109 1861 330 1901 formosius
363 1862 460 1909 erit,
494 1875 587 1901 cum
620 1861 698 1901 illic
731 1862 881 1901 iustitia
913 1867 1139 1913 conspecta
1171 1859 1310 1910 fuerit,
1345 1874 1438 1899 cum
1472 1859 1735 1905 continentia,

111 1946 203 1971 cum
246 1933 484 1985 prudentia,
527 1933 679 1985 pietas,
723 1933 908 1972 omnium
952 1930 1181 1971 officiorum
1216 1937 1326 1970 recte
1358 1931 1734 1982 dispensandorum
1755 1941 1788 1965 25»

110 2003 234 2051 ratio,
286 2002 564 2042 humanorum
618 2003 936 2056 diuinorumque
986 2003 1167 2042 scientia.
1249 2001 1381 2041 nullus
1431 2006 1630 2052 angustus
1672 2005 1735 2039 est

109 2073 247 2122 locus,
289 2074 358 2126 qui
399 2073 506 2113 hanc
546 2080 633 2112 tam
678 2087 925 2126 magnarum
967 2074 1164 2113 uirtutum
1197 2073 1363 2111 turbam
1398 2073 1517 2124 capit.
1580 2070 1734 2110 nullum

111 2144 282 2184 exilium
326 2157 454 2196 graue
497 2150 581 2191 est,
622 2145 662 2183 in
703 2145 816 2196 quod
856 2144 950 2183 licet
983 2157 1077 2183 cum
1110 2143 1192 2182 hoc
1224 2143 1280 2182 ire
1313 2143 1524 2182 comitatu.
1587 2142 1736 2181 Brutus

110 2215 149 2254 in
190 2229 241 2254 eo
273 2214 399 2263 libro,
443 2228 567 2267 quem
603 2216 655 2254 de
687 2216 838 2254 uirtute
869 2215 1110 2267 conposuit,
1143 2214 1198 2253 ait
1230 2227 1274 2252 se
1308 2212 1553 2252 Marcellum
1586 2213 1736 2251 uidisse

119 2403 127 2435 l
167 2402 217 2433 uel
250 2402 339 2432 ocius
373 2399 527 2435 Maller:
562 2402 703 2433 uelocius
871 2403 920 2433 uel
955 2402 1075 2433 tardius
1111 2399 1325 2434 deteriores:
1363 2400 1411 2431 uel
1439 2401 1524 2431 diuat—
1559 2401 1679 2441 (erasa
1705 2398 1733 2441 s)

253 2461 329 2491 dum
356 2465 500 2501 spectare
529 2458 636 2494 Gertz
781 2460 802 2493 2
837 2461 1022 2492 immobiles
1178 2459 1197 2492 4
1234 2460 1302 2491 fuso
1330 2458 1456 2503 mclqo:
1487 2459 1577 2489 sunso

113 2522 132 2553 ti
158 2520 330 2551 inmiscear
349 2520 399 2560 (ar
416 2519 451 2551 in
471 2519 559 2562 ras.)
674 2519 695 2554 8
720 2521 862 2551 habeam
882 2518 1097 2553 deteriores:
1120 2520 1239 2550 habeat
1355 2519 1393 2551 11
1415 2518 1497 2550 aliae
1516 2516 1731 2551 deteriores:

113 2603 176 2633 alia
305 2602 437 2633 attutela‘i
463 2601 605 2646 (prima
630 2607 640 2632 t
666 2601 702 2635 in
729 2603 749 2633 d
775 2602 886 2644 corr.)
1018 2601 1060 2634 12
1095 2602 1326 2643 auriargentiq3
1354 2585 1592 2642 ueneeruuntur.

114 2684 156 2717 1T
191 2685 388 2726 porrexerint
415 2681 631 2717 Pincianus:
661 2685 855 2716 correxerint
989 2684 1034 2717 20
1068 2679 1195 2725 egeiicit
1221 2682 1269 2724 (iu
1297 2682 1459 2727 marqine
1485 2683 1592 2722 eiecit)

112 2744 300 2774 latissimum
330 2740 442 2785 Neap.
469 2742 666 2774 laxissimum
694 2741 890 2776 Pincianus
1011 2754 1085 2774 casa
1112 2747 1166 2774 est.
1186 2745 1234 2773 'ne
1260 2747 1290 2773 et
1315 2746 1347 2773 tu
1373 2742 1448 2783 (nae
1473 2747 1504 2773 tu
1524 2739 1733 2780 deleriores)

113 2802 218 2843 pusilli
245 2802 345 2832 animi
371 2811 403 2832 es
429 2808 459 2833 et
486 2801 588 2843 <haec
614 2803 732 2835 omm'a
754 2807 905 2847 praeter
931 2813 970 2834 ca
996 2802 1029 2834 in
1056 2801 1145 2843 ras.)
1276 2800 1319 2833 22
1354 2801 1435 2832 istud
1463 2799 1679 2834 deterior-esi
1709 2800 1733 2828 si

114 2860 194 2891 istud
222 2861 259 2901 (si
288 2862 295 2891 i
323 2861 355 2894 2¹11
384 2863 469 2903 ras.)
592 2860 636 2894 ‘28
663 2862 693 2892 in
721 2862 806 2903 quod
833 2859 998 2895 Fickert:
1031 2862 1059 2892 in
1086 2871 1148 2902 qno
1270 2859 1314 2892 ‘29
1341 2861 1522 2901 composuit
