1977 3231
56 2088 76 2120 ιφ

307 146 409 172 DIAL.
433 146 483 172 XI.
523 146 577 171 AD
600 145 778 170 HELVJAM
802 145 973 170 MATREM
994 145 1047 169 DE
1068 144 1387 187 CONSOLA'TIONE.
1431 145 1469 171 Π,
1495 145 1533 170 is.
1645 147 1724 184 2b7

111 255 289 282 amoena
321 241 515 289 delectes‚
549 247 592 281 ut
626 243 832 281 rationum
866 242 1199 293 accipiendarum
1234 240 1460 292 diligentia,
1493 241 1728 293 patrimonii

110 313 466 352 administratione
519 312 693 352 multum
744 326 923 364 occupes
966 312 1187 364 temporis,
1242 318 1285 351 ut
1327 325 1492 364 semper
1533 325 1644 350 nouo
1687 318 1728 350 te

109 383 247 435 aliquo
289 384 460 433 negotio
499 383 690 435 inplices:
737 384 877 422 omnia
908 384 986 422 ista
1018 384 1071 421 ad
1105 383 1303 434 exiguum
1338 389 1599 422 momentum
1632 396 1726 434 pro-

108 459 202 493 sunt
235 467 311 492 nec
344 455 528 492 remedia
561 453 716 492 doloris
749 454 822 492 sed
857 453 1139 505 inpedimenta
1170 460 1274 493 sunt.
1330 467 1410 505 ego
1444 460 1582 492 autem
1617 453 1727 492 malo

108 523 219 563 illum
264 524 451 563 desinere
494 538 617 576 quam
663 524 807 575 decipi.
870 524 1008 575 itaque
1049 523 1117 562 illo
1161 529 1202 562 te
1235 524 1365 571 duco,
1407 538 1490 577 quo
1525 524 1763 571 omnibus,5

107 596 175 646 qui
208 594 416 634 fortunam
450 594 629 646 fugiunt,
671 594 996 645 confugiendum
1030 600 1113 641 est,
1156 595 1209 633 ad
1242 594 1425 633 liberalia
1456 595 1615 634 studia:
1664 595 1729 634 illa

107 665 315 705 sanabunt
359 665 504 704 uolnus
547 671 686 712 tuum,
729 663 793 703 illa
837 678 1022 703 omnem*
1050 664 1254 704 tristitiam
1299 664 1372 704 tibi
1417 665 1604 704 euellent.
1667 665 1728 704 his

107 737 266 776 etiamsi
309 749 536 788 numquam
579 736 818 783 adsuesses,
865 749 972 774 nunc
1016 736 1216 774 utendum
1261 742 1357 775 erat.
1421 737 1494 774 sed
1527 742 1727 787 quantum

106 807 179 846 tibi
220 807 347 859 patris
390 807 469 845 mei
512 806 702 857 antiquus
745 806 856 857 rigor
897 806 1103 858 permisit,
1148 820 1294 845 omnes
1338 806 1471 845 bonas
1505 813 1612 846 artes
1645 821 1727 846 non

107 879 275 930 quidem
328 877 630 930 conprendisffi,
683 877 853 928 attigisti
907 883 1060 916 tamen.
1134 877 1290 916 utinam
1333 877 1502 928 quidem
1547 878 1727 916 uirorum

108 949 302 1001 optimus,
335 953 455 1000 pater
486 961 614 995 meus,
649 948 780 986 minus
810 950 1013 987 maiorum
1037 948 1322 987 consuetudini
1346 948 1509 987 deditus
1533 948 1728 988 uoluisset

106 1025 147 1058 te
180 1019 414 1071 praeceptis
447 1019 674 1070 sapientiae
707 1019 855 1057 erudiri
889 1019 1026 1070 potius
1058 1032 1184 1070 quam
1218 1019 1353 1057 inbui!
1391 1020 1727 1070 nonparandum

106 1090 179 1128 tibi
212 1103 320 1128 nunc
352 1094 461 1128 esset
494 1088 689 1127 auxilium
725 1095 869 1127 contra
903 1089 1132 1136 fortunam,
1167 1090 1241 1128 sed
1275 1088 1596 1141 proferendum:
1633 1104 1726 1141 pro-

106 1167 198 1212 pter
231 1161 340 1208 istas,
372 1173 479 1211 quae
511 1159 654 1198 litteris
687 1173 769 1198 non
793 1161 845 1198 ad
869 1160 1111 1211 sapientiam
1138 1166 1315 1207 utuntur,
1349 1160 1422 1198 sed
1447 1160 1500 1198 ad
1524 1160 1727 1199 luxuriam

106 1231 372 1277 instruuntur,
405 1230 538 1269 minus
571 1236 613 1268 te
645 1229 859 1281 indulgere
892 1231 1035 1269 studiis
1068 1244 1213 1282 passus
1246 1237 1319 1269 est.
1363 1229 1565 1269 beneficio
1588 1236 1727 1270 tamen
1767 1243 1781 1266 5

106 1301 263 1353 rapacis
307 1301 455 1352 ingenii
498 1300 589 1353 plus
632 1314 757 1352 quam
802 1314 877 1353 pro
913 1307 1106 1353 tempore
1139 1301 1320 1340 hausisti.
1383 1301 1490 1340 iacta
1521 1294 1615 1340 sunt
1648 1302 1726 1340 dis-

105 1371 345 1424 ciplinarum
388 1372 575 1410 onmium
619 1371 912 1410 fundamenta:
959 1385 1067 1410 nunc
1109 1372 1162 1410 ad
1196 1371 1282 1411 illas
1316 1377 1547 1411 reuertere:
1594 1378 1728 1411 tutam

105 1448 146 1482 te
177 1442 449 1495 praestabunt
503 1442 593 1481 illae
626 1441 962 1489 consolabuntur,
995 1442 1086 1481 illae
1118 1442 1397 1490 delectabunt,
1423 1441 1521 1497 >illae
1553 1444 1583 1481 si
1616 1443 1729 1482 bona

104 1513 186 1552 fide
219 1514 257 1552 in
291 1513 474 1552 animum
507 1519 624 1552 tuum
659 1513 910 1566 intrauerint,
944 1527 1174 1565 numquam
1207 1513 1382 1566 amplius
1406 1513 1573 1552 intrabit
1596 1513 1728 1561 dolor,

104 1597 330 1635 numquam
381 1583 637 1631 sollicitudo,
688 1597 914 1635 numquam
959 1584 1248 1623 adflictationis
1291 1585 1434 1623 inritae
1476 1598 1731 1636 superuacua

105 1655 283 1694 uexatio.
348 1654 443 1693 nulli
495 1654 644 1693 horum
699 1655 858 1706 patebit
902 1661 1047 1707 pectus
1099 1662 1240 1694 tuum:
1298 1669 1393 1693 nam
1439 1655 1585 1694 ceteris
1627 1655 1731 1694 uitiis

103 1725 348 1777 iampridem
393 1724 550 1764 clusum
593 1732 666 1766 est.
729 1726 831 1765 haec
855 1726 1030 1777 ,quidem
1066 1726 1293 1765 certissima
1326 1726 1531 1777 praesidia
1563 1732 1657 1765 sunt
1690 1731 1731 1765 et

103 1809 209 1848 quae
241 1794 330 1834 sola
362 1802 406 1836 te
436 1795 627 1835 fortunae
660 1797 816 1849 eripere
849 1797 1018 1849 possint.

222 1866 374 1905 XVIII.
439 1865 524 1905 Sed
568 1868 682 1919 quia,
728 1868 827 1906 dum
871 1868 909 1905 in
954 1866 1064 1906 illum
1099 1872 1289 1919 portum,
1333 1881 1457 1920 quem
1491 1867 1561 1906 tibi
1595 1868 1731 1906 studia

103 1937 373 1989 promittunt,
417 1938 626 1989 peruenis,
671 1938 927 1977 adminiculis
959 1938 1107 1990 quibus
1141 1939 1341 1986 innitaris,
1387 1953 1491 1990 opus
1524 1944 1597 1986 est,
1632 1937 1728 1976 uolo

104 2008 266 2046 interim
309 2007 462 2047 solacia
504 2007 577 2047 tibi
620 2015 692 2048 tua
730 2010 990 2054 ostendere,
1028 2010 1186 2061 respice
1218 2009 1365 2048 fratres
1400 2022 1538 2056 meos,
1582 2008 1730 2060 quibus

103 2077 225 2117 saluis
258 2077 317 2117 fas
350 2078 422 2117 tibi
457 2092 538 2117 non
573 2085 635 2118 est
668 2093 861 2118 accusare
896 2079 1115 2118 fortunam.
1159 2082 1197 2118 in
1232 2087 1407 2132 utroque
1440 2079 1582 2126 habeS,
1615 2080 1730 2131 quod

102 2154 143 2188 te
177 2149 341 2188 diuersa
376 2150 525 2189 uirtute
559 2149 763 2190 delectet:
804 2150 906 2189 alter
938 2150 1121 2190 honores
1154 2151 1353 2190 industria
1387 2156 1632 2190 consecutus
1655 2157 1730 2198 est,

102 2218 204 2258 alter
236 2221 444 2271 sapienter
477 2222 738 2272 contempsit.
784 2222 1006 2273 adquiesce
1038 2221 1203 2260 alterius
1236 2221 1290 2260 fili
1317 2221 1531 2273 dignitate,
1565 2220 1730 2261 alterius

101 2289 251 2341 quiete,
286 2292 497 2343 utriusque
529 2292 694 2344 pietate.
759 2294 854 2331 noui
888 2291 1057 2331 fratrum
1093 2306 1281 2331 meorum
1316 2292 1483 2331 intimos
1516 2292 1724 2331 adfectus:

102 2360 203 2399 alter
236 2362 274 2399 in
306 2360 388 2400 hoc
420 2362 666 2413 dignitatem
701 2362 867 2410 excolit,
902 2368 943 2401 ut
976 2363 1050 2402 tibi
1084 2369 1333 2402 ornamento
1366 2363 1428 2411 sit,
1461 2362 1564 2402 alter
1587 2363 1625 2401 in
1649 2362 1730 2402 hoc

101 2444 145 2470 se
179 2432 232 2469 ad
273 2431 534 2483 tranquillam
568 2432 835 2485 quietamque
869 2435 994 2472 uitam
1030 2435 1203 2486 recepit,
1247 2439 1290 2472 ut
1322 2433 1394 2473 tibi
1429 2439 1559 2473 uacet.
1623 2433 1729 2472 bene

99 2499 254 2540 liberos
286 2507 380 2541 tuos
415 2508 455 2542 et
488 2503 526 2541 in
559 2502 756 2543 auxilium
790 2509 831 2543 et
864 2505 902 2544 in
934 2503 1290 2543 oblectamentum
1314 2503 1478 2544 fortuna
1501 2504 1725 2556 disposuit:

101 2665 119 2694 :3
157 2664 303 2705 implices
432 2665 452 2697 4
487 2667 679 2707 impedimta
808 2666 827 2700 ’ἶ
863 2668 974 2698 uulnus
1106 2667 1146 2699 1¹3
1183 2668 1283 2698 imbui
1420 2668 1462 2701 'l-[i
1500 2675 1578 2698 esset
1606 2667 1727 2699 auxilii]

100 2727 214 2753 contra
240 2723 368 2755 fortuna
388 2723 466 2760 cod,
493 2730 605 2756 contra
633 2726 791 2756 fortunam
821 2730 899 2756 esset
927 2726 1077 2757 auxilium
1098 2725 1206 2770 nul-(so
1326 2728 1370 2760 20
1399 2727 1629 2758 adflictationis
1648 2724 1726 2759 cod.

100 2781 295 2812 adflictionis
322 2780 430 2826 unlqo
551 2784 594 2815 Ξῖ)
634 2785 742 2824 'menis
768 2783 846 2818 cod.
875 2786 1055 2825 perueneris
1083 2783 1191 2829 uulsso
1313 2785 1355 2817 ’ἐϋ
1393 2796 1482 2816 ineos
1509 2784 1723 2819 deteriores:

99 2868 130 2894 ut
156 2873 212 2894 eos
333 2863 376 2896 2⁴]
405 2849 458 2895 fili¹
581 2852 708 2897 alteriu⁵
732 2866 759 2906 (s
786 2877 829 2900 m.
855 2867 926 2909 pr.)

1754 889 1781 912 10

1751 1595 1784 1619 '20

1750 1946 1782 1970 25

1749 2304 1782 2326 :50
