2008 3221
231 95 331 121 XXIV
767 93 818 117 DE
838 92 987 118 CODICE
1006 91 1325 118 MEDIOLANENSI.

236 194 296 240 16,
323 195 343 231 7
371 194 588 241 effre'mdine
611 194 651 228 id
673 196 694 227 ἴ»
726 191 905 228 tractitia:
939 189 1117 239 denique
1160 189 1218 230 19,
1248 189 1262 225 1
1299 199 1374 236 pro
1407 190 1571 227 indiviso
1604 191 1723 228 datur
1755 192 1861 238 quod

228 278 284 313 sie
323 277 362 313 m
405 277 484 311 alif(
528 275 769 319 lrmisferlm·
810 276 849 308 ul
892 268 968 308 05!ss
997 274 1073 317 siat
1110 269 1255 318 prm-fils
1295 262 1476 323 σοῖᾗῑιηε,
1519 271 1593 309 nisi
1635 271 1750 322 quOd
1792 270 1858 310 hic

231 346 321 396 ipsa
354 344 484 395 prima
518 355 663 380 manus
689 328 783 379 'sine
817 340 898 378 ulla
931 340 1190 378 dubitatione
1224 340 1495 390 agnoscenda
1527 348 1599 379 est.

347 424 481 463 Venio
515 437 621 461 nunc
653 422 705 461 ad
739 435 901 460 rasuras
935 427 975 459 et
1008 421 1306 469 correctiones,
1339 435 1512 473 quarum
1547 422 1698 462 nullam
1734 436 1858 462 manu

226 496 355 534 altera
387 494 451 532 uel
484 494 603 532 tertia
635 494 891 544 superiorem
931 505 1022 530 esse
1061 492 1142 530 iam
1175 505 1301 543 supra
1341 492 1552 544 professus
1594 506 1707 541 sum,
1751 507 1858 545 quae

225 566 391 617 quidem
446 564 523 602 dici
574 564 713 613 nequit
767 568 969 613 quantum
1024 562 1262 600 detrimenti
1314 562 1447 601 codici
1496 562 1717 602 attulerint.
1790 563 1858 602 Ac

225 637 402 687 primum
436 634 604 685 quidem
638 639 729 672 tota
763 631 967 670 uocabula
999 633 1055 670 ita
1086 631 1236 670 abrasa
1268 637 1309 671 et
1342 633 1427 672 aliis
1461 639 1622 673 mutata
1654 641 1769 682 sunt,
1814 641 1857 674 ut

225 706 322 757 quid
346 705 483 744 codex
518 704 708 742 habuerit
741 715 866 754 saepe
898 703 1071 740 omnino
1104 701 1295 753 ignotum
1329 704 1392 751 sit,
1424 705 1464 742 in
1496 718 1581 756 quo
1604 717 1757 756 genere
1790 718 1858 744 me

224 790 307 814 non
340 775 491 813 morari
526 774 672 820 Italos,
717 774 783 824 qui
826 772 1010 824 pluribus
1043 772 1144 811 locis
1177 775 1355 825 primam
1395 787 1566 813 manum
1600 775 1749 826 legisse
1780 774 1858 814 sibi

224 848 297 889 uisi
330 853 435 892 sunt,
468 845 607 884 statim
641 844 694 882 ab
727 844 840 882 initio
873 843 1107 895 significaui.
1172 843 1313 883 Veluti
1351 849 1380 892 l,
1405 849 1442 892 5,
1467 848 1489 886 3
1514 848 1552 884 in
1575 847 1671 885 urbe
1700 858 1858 885 securos

224 941 304 967 esse
331 931 530 977 praecisos
561 927 598 964 in
632 939 772 965 rasura
805 925 953 977 legitur
985 939 1099 965 euros
1133 914 1175 965 ese
1189 928 1317 979 probi,
1352 931 1559 977 praecisos
1580 927 1672 967 sola
1695 928 1855 967 coniec-

224 1006 316 1037 tura
347 999 510 1037 nititur:
555 999 599 1048 4,
635 998 679 1047 ὃ,
725 997 748 1034 2
792 1010 869 1035 non
911 999 991 1035 alia
1034 1010 1149 1046 qnam
1193 1000 1230 1036 in
1272 1000 1362 1037 ludo
1404 1001 1642 1046 aladialore'o
1685 1002 1767 1038 uita
1806 1005 1860 1038 est

226 1082 385 1119 qnorum
428 1070 632 1106 ludemimn
670 1070 1026 1116 stummnffumque,
1070 1067 1139 1106 ubi
1181 1080 1264 1106 cum
1307 1071 1425 1106 isdem
1468 1072 1697 1117 uiueme'wn,
1742 1070 1858 1121 quod

226 1138 501 1191 Neapolitana
534 1138 672 1185 habet,
706 1151 904 1189 magnam
927 1151 1028 1190 prae
1051 1151 1095 1176 se
1118 1137 1223 1177 ferre
1245 1138 1587 1191 probabilitatem
1610 1153 1695 1179 non
1717 1153 1828 1191 nego
1846 1157 1854 1187 ;

226 1214 262 1251 4„
293 1212 353 1253 lu,
379 1211 402 1245 (ὅ
437 1210 499 1248 uhi
531 1212 698 1247 &siccine
730 1214 836 1247 locus
868 1216 923 1247 est
956 1209 992 1259 (i.
1016 1222 1068 1247 m.
1101 1222 1226 1248 manu
1259 1222 1336 1248 rec.
1371 1213 1431 1248 iste?
1462 1210 1618 1261 scenae)
1653 1211 1857 1250 editiones

224 1280 427 1333 praebent
460 1281 522 1318 uhi
553 1282 635 1318 istic
666 1282 775 1326 irae,·
808 1282 845 1327 5,
883 1281 946 1326 15,
972 1281 994 1318 3
1028 1283 1085 1318 sic
1117 1280 1211 1319 edil*
1248 1283 1356 1330 apud
1385 1283 1468 1320 illos
1498 1283 1554 1319 sic
1585 1281 1723 1320 bibitur
1755 1294 1810 1319 m.
1832 1286 1857 1320 4

224 1353 262 1389 in
286 1352 471 1402 margine
494 1350 730 1389 coniectura
751 1363 839 1389 rem
862 1363 937 1389 acu
960 1352 1097 1402 tetigit
1119 1350 1343 1389 scribendo
1367 1357 1472 1390 estur
1494 1350 1558 1402 (cf.
1578 1350 1707 1390 Plaut.
1730 1351 1857 1390 Most.

226 1423 307 1461 235
333 1424 414 1460 (lies
446 1427 649 1470 noctesque
682 1428 785 1459 essm*
817 1421 996 1471 bibitw·j),·
1030 1422 1066 1468 7,
1092 1422 1126 1468 2,
1152 1423 1174 1459 2
1199 1425 1354 1470 uolgncm
1378 1428 1505 1459 aulem
1528 1428 1604 1460 lam
1628 1425 1858 1461 clamidaios

225 1505 338 1541 quam
369 1500 576 1530 coronatas
609 1504 715 1537 uoco,
750 1491 819 1530 ubi
850 1491 1031 1543 priorem
1065 1493 1310 1543 scripturam
1344 1504 1514 1544 prorsus
1536 1491 1731 1531 abrasam
1765 1505 1856 1531 esse

225 1564 348 1601 etiam
382 1562 468 1601 Itali
504 1561 678 1601 confessi
713 1569 834 1610 sunt3
874 1564 910 1610 7,
935 1564 1000 1610 25,
1026 1564 1049 1601 2
1083 1565 1301 1601 anaez'm‘clmn
1332 1566 1400 1610 sil,
1432 1563 1501 1602 ubi
1534 1564 1682 1602 eadem
1716 1575 1853 1601 corre-

224 1634 348 1672 ctoris
382 1634 678 1684 inportunitate
711 1634 851 1672 codex
884 1633 972 1684 ipse
1016 1639 1058 1672 et
1101 1646 1246 1672 manus
1289 1634 1434 1673 tertiae
1476 1640 1579 1672 nota
1620 1632 1855 1684 marginalis

226 1710 420 1756 corrupta
453 1711 526 1750 est,
560 1703 684 1756 paulo
719 1710 814 1742 ante
846 1705 1044 1752 tractaui,
1086 1706 1150 1752 10,
1183 1706 1218 1751 6,
1255 1706 1277 1742 2
1310 1705 1433 1743 subito
1468 1707 1564 1742 enim
1597 1709 1756 1743 uolnere
1784 1717 1857 1753 per

223 1779 362 1822 infflten
387 1783 543 1823 νισι-(ψη)
567 1778 776 1824 conlapsus
800 1782 865 1826 est,
896 1774 1100 1813 habemus
1123 1776 1161 1813 in
1185 1788 1326 1813 rasura
1341 1778 1540 1824 pereffluas,
1571 1775 1624 1813 ad
1648 1787 1754 1826 quae
1776 1775 1855 1814 ioci

226 1859 349 1884 causa
386 1846 542 1883 addere
580 1844 674 1884 licet
720 1846 766 1893 2,
801 1847 846 1893 6,
882 1846 904 1883 7
939 1848 1080 1884 dilecla
1111 1852 1243 1884 scorta
1276 1845 1432 1884 litteras
1467 1860 1489 1880 ιι
1522 1852 1653 1883 scorta
1686 1845 1856 1884 abrasas

226 1929 316 1954 esse
359 1929 491 1967 neque
533 1922 673 1954 tamen
717 1917 788 1963 ita,
831 1921 876 1954 ut
908 1929 992 1955 non
1025 1916 1078 1954 ab
1112 1930 1162 1955 eo
1195 1916 1263 1967 qui
1296 1916 1427 1955 aciem
1461 1916 1672 1963 intendat,
1715 1916 1856 1968 dispici

225 1986 395 2038 possint.
459 1986 619 2025 Harum
654 1986 805 2025 similes
828 1978 859 2025 si
883 1986 1063 2038 reliquae
1087 2000 1233 2025 omnes
1257 1993 1395 2025 essent
1418 2000 1594 2034 rasurae,
1628 1986 1736 2025 male
1758 1998 1854 2036 age-

226 2063 337 2095 retur
370 2070 461 2095 cum
497 2057 682 2096 Senecae
716 2059 1024 2105 emendatione,
1059 2058 1134 2096 sed
1159 2057 1359 2110 plurimae
1380 2070 1550 2109 prorsus
1572 2056 1672 2096 alius
1694 2057 1857 2108 generis

224 2134 318 2166 sunt
351 2133 391 2165 et
424 2127 534 2166 haud
569 2142 660 2166 raro
694 2129 748 2166 ita
782 2133 1073 2180 comparatae,
1117 2135 1159 2167 ut
1192 2128 1418 2179 indignatio
1452 2129 1490 2166 in
1523 2127 1647 2166 risum
1681 2139 1853 2166 conuer-

225 2204 343 2236 tatur.
418 2198 567 2237 Codex
622 2200 731 2237 enim
785 2199 950 2250 qualern
993 2198 1162 2238 saeculo
1208 2199 1461 2237 duodecimo
1511 2203 1692 2237 exeunte
1735 2197 1857 2236 fuisse

225 2268 414 2306 conicere
446 2268 537 2306 licet
572 2282 666 2306 cum
700 2270 833 2320 magis
867 2270 1084 2321 magisque
1127 2275 1393 2316 tractaretur,
1438 2269 1667 2308 extiterunt
1709 2268 1857 2320 quibus

225 2352 309 2376 non
353 2338 533 2389 placeret
576 2341 777 2390 scriptura
819 2353 900 2378 uno
944 2340 1232 2392 aequabilique
1275 2346 1421 2378 tenore
1464 2341 1685 2378 decurrens
1724 2351 1858 2389 neque

227 2408 364 2447 multis
398 2409 506 2447 notis
539 2411 717 2460 signisue
749 2411 958 2458 instructa,
992 2425 1095 2463 quas
1128 2412 1238 2461 ipsas
1271 2416 1394 2449 notas
1427 2416 1641 2462 tamquam
1676 2408 1727 2447 ad
1760 2421 1859 2447 suae

228 2479 372 2518 aetatis
396 2481 739 2519 consuetudinem
766 2482 897 2531 magis
921 2482 1274 2520 adcommodatas
1309 2480 1360 2520 illi
1384 2482 1532 2520 rasuris
1555 2478 1700 2519 inferre
1722 2479 1859 2518 conati

227 2556 331 2588 sunt.
397 2547 520 2587 Cuius
554 2551 721 2589 rationis
754 2564 877 2602 quam
913 2553 1021 2590 uiam
1057 2560 1097 2590 et
1130 2552 1320 2590 ordinem
1344 2551 1514 2598 inierint,
1547 2551 1644 2590 satis
1667 2555 1860 2589 accurate

229 2620 453 2658 obseruare
487 2620 590 2658 licet.
657 2620 794 2659 Veluti
838 2635 932 2660 cum
975 2621 1178 2673 scriptura
1222 2636 1289 2672 ae,
1332 2635 1439 2674 quae
1480 2620 1648 2673 quidem
1686 2626 1859 2672 propter

227 2690 315 2728 soni
359 2690 481 2741 ipsius
524 2690 758 2729 molestiam
813 2692 893 2730 iam
948 2693 1061 2744 apud
1115 2698 1277 2731 ueteres
1321 2693 1573 2732 mutationes
1618 2704 1742 2743 passa
1784 2696 1859 2737 est,

228 2760 361 2798 minus
394 2767 514 2810 grata
548 2761 774 2807 uideretur,
808 2764 986 2813 primum
1021 2775 1044 2800 a
1077 2763 1238 2814 punctis
1271 2769 1463 2802 notatum
1497 2770 1572 2810 est,
1606 2768 1649 2800 ut
1685 2765 1720 2809 4,
1761 2764 1799 2808 9,
1833 2761 1857 2799 2
