1977 3231
63 2230 82 2262 ῦὸ

327 156 431 182 DlAL.
452 156 504 184 IX.
544 158 597 182 AD
619 157 805 183 SERENVM
828 157 880 183 DE
899 134 1252 191 TRANQVILLITA'l'E
1270 159 1400 186 ANIMI.
1439 161 1464 187 6.
1485 161 1510 186 7.
1642 163 1724 203 203

109 257 227 303 petas
270 265 346 291 nec
388 259 612 304 expectes,
656 254 790 293 donec
831 267 895 293 res
927 260 968 294 te
1000 255 1230 303 dimittant,
1271 256 1346 294 sed
1379 255 1433 295 ab
1464 255 1538 295 illis
1569 262 1612 295 te
1643 256 1730 307 ipse

109 322 310 375 diiungas.

225 392 298 432 VI.
351 393 556 445 Inspicere
588 399 727 433 autem
761 394 1010 434 debebimus
1042 395 1221 447 primum
1255 397 1546 449 nosmetipsos,
1579 397 1730 436 deinde

107 476 167 511 ea,
198 475 304 514 quae
337 464 633 515 adgrediemur
664 465 844 516 negotia,
878 465 1029 504 deinde
1061 479 1145 514 eOS,
1178 479 1356 518 quorum
1390 480 1513 507 causa
1544 473 1613 507 aut
1635 480 1729 506 cum

107 532 264 585 quibus.

140 603 144 606 ’
224 602 341 643 Ante
383 605 522 644 omnia
563 618 733 645 necesse
775 612 839 645 est
870 619 915 645 se
946 606 1082 657 ipsum
1115 606 1355 654 aestimare,
1397 608 1493 659 quia
1524 606 1609 646 fere
1639 607 1730 659 plus

108 673 229 713 nobis
277 674 466 714 uidemur
512 688 637 727 posse
679 689 803 728 quam
846 689 1091 728 possumus:
1139 675 1238 715 alius
1281 676 1541 730 eloquentiae
1582 676 1732 717 fiducia

108 743 347 795 prolabitur,
380 744 479 784 alius
511 747 764 797 patrimonio
796 760 872 786 suo
904 746 997 798 plus
1029 746 1247 798 imperauit
1278 761 1405 799 quam
1437 746 1543 787 ferre
1575 753 1731 799 posset,

108 813 208 853 alius
260 814 467 854 infirmum
519 829 670 868 corpus
721 817 932 856 laborioso
985 818 1195 869 oppressit
1247 816 1396 857 officio.
1466 819 1730 870 quorundam

106 897 252 935 parum
285 885 438 925 idonea
469 893 532 926 est
564 888 812 927 uerecundia
843 887 967 927 rebus
999 887 1197 935 ciuilibus,
1229 901 1337 940 quae
1364 887 1527 928 firmam
1550 887 1730 927 frontem

107 954 356 996 desiderant.
418 958 681 1008 quorundam
725 957 989 997 contumacia
1020 971 1104 997 non
1137 957 1231 998 facit
1264 959 1318 997 ad
1350 958 1498 999 aulam.
1560 959 1730 1011 quidam

107 1039 191 1065 non
233 1025 390 1066 habent
433 1026 533 1066 iram
576 1028 617 1066 in
659 1034 872 1080 potestate
914 1035 955 1068 et
987 1028 1077 1068 illos
1109 1029 1163 1068 ad
1196 1029 1415 1068 temeraria
1447 1029 1576 1073 uerba
1606 1042 1730 1080 quae-

106 1095 206 1136 libet
237 1096 467 1148 indignatio
499 1096 630 1139 effert.
683 1099 853 1151 quidam
886 1099 1165 1138 urbanitatem
1198 1100 1384 1138 nesciunt
1417 1099 1628 1139 continere
1655 1113 1732 1138 nec

106 1166 343 1218 periculosis
376 1167 584 1208 abstinent
615 1168 779 1208 salibus.
821 1169 1015 1208 omnibus
1047 1169 1108 1209 his
1141 1169 1275 1209 utilior
1306 1171 1477 1222 negotio
1500 1170 1615 1222 quies
1643 1176 1726 1209 est:

107 1235 227 1275 ferox
269 1237 556 1291 inpatiensque
597 1245 744 1278 natura
786 1240 1049 1280 inritamenta
1090 1241 1304 1280 nociturae
1349 1240 1550 1280 libertatis
1592 1241 1731 1281 euitet.

107 1307 367 1347 aestimanda
407 1315 503 1349 sunt
542 1309 694 1349 deinde
727 1310 835 1362 ipsa,
879 1324 986 1362 quae
1018 1311 1308 1362 adgredimur,
1351 1318 1393 1351 et
1426 1312 1532 1350 uires
1564 1316 1733 1349 nostrae

107 1391 200 1417 cum
243 1378 387 1427 rebus,
440 1393 544 1431 quas
586 1381 830 1432 temptaturi
872 1395 1035 1429 sumus,
1085 1382 1389 1433 conparandae.
1452 1381 1581 1420 debet
1623 1381 1731 1419 enim

106 1461 273 1500 semper
314 1449 406 1501 plus
449 1463 540 1489 esse
582 1451 727 1490 uirium
770 1451 809 1490 in
852 1450 985 1491 latore
1027 1465 1153 1504 quam
1196 1452 1235 1490 in
1267 1465 1406 1491 onere.
1468 1464 1638 1491 necesse
1671 1457 1733 1490 est

107 1519 347 1570 opprimant
389 1533 536 1568 onera,
579 1534 685 1572 quae
728 1520 886 1561 ferente
919 1522 1077 1561 maiora
1108 1528 1213 1561 sunt.
1275 1523 1484 1574 quaedam
1516 1528 1733 1573 praeterea

107 1602 192 1627 non
234 1595 321 1629 tam
364 1604 519 1642 magna
559 1598 654 1630 sunt
695 1592 865 1643 negotia
907 1605 1032 1644 quam
1075 1591 1251 1632 fecunda
1295 1591 1570 1645 [multumque
1601 1605 1730 1643 nego-

107 1660 259 1698 tiorum
292 1659 452 1711 ferunt],
485 1667 527 1700 et
558 1661 662 1701 haec
693 1662 935 1713 refugienda
966 1668 1080 1711 sunt,
1119 1676 1174 1702 ex
1206 1663 1354 1715 quibus
1381 1676 1492 1702 noua
1512 1662 1732 1714 occupatio

108 1730 413 1783 multiplexque
445 1738 646 1771 nascetur.
708 1746 785 1771 nec
817 1734 1102 1772 accedendum
1136 1747 1208 1781 eo,
1247 1735 1357 1773 unde
1388 1733 1490 1772 liber
1522 1746 1733 1785 regressus

107 1813 191 1839 non
223 1801 296 1841 sit:
343 1802 388 1840 iis
421 1802 687 1842 admouenda
719 1816 865 1842 manus
898 1809 981 1851 est,
1024 1817 1203 1856 quorum
1236 1803 1361 1843 finem
1394 1810 1464 1844 aut
1496 1802 1630 1843 facere
1662 1809 1733 1843 aut

109 1877 220 1910 certe
251 1885 418 1924 sperare
450 1873 595 1924 possis.
657 1873 940 1925 relinquenda,
972 1888 1078 1926 quae
1111 1874 1231 1914 latius
1264 1881 1358 1914 actu
1390 1875 1626 1926 procedunt
1657 1887 1733 1913 nec

109 1941 178 1981 ubi
208 1943 478 1994 proposueris
510 1944 713 1983 desinunt.

228 2012 318 2051 VII.
381 2013 612 2053 Hominum
656 2014 798 2066 utique
839 2014 1013 2054 dilectus
1045 2015 1262 2054 habendus
1296 2021 1379 2055 est:
1425 2028 1477 2053 an
1511 2015 1623 2066 digni
1654 2014 1734 2054 sint

109 2082 256 2134 quibus
298 2090 461 2135 partem
505 2085 614 2124 uitae
656 2091 826 2125 nostrae
867 2085 1164 2137 inpendamus,
1213 2099 1265 2124 an
1307 2086 1361 2125 ad
1402 2084 1492 2124 illos
1533 2086 1735 2137 temporis

110 2154 238 2193 nostri
281 2155 438 2193 iactura
477 2155 702 2206 perueniat.
764 2156 935 2207 quidam
977 2156 1086 2194 enim
1130 2155 1238 2194 ultro
1277 2154 1411 2195 officia
1442 2155 1561 2195 nobis
1594 2161 1735 2194 nostra

109 2223 310 2275 inputant.
371 2223 677 2264 Athenodorus
719 2226 774 2264 ait
815 2239 867 2265 ne
908 2226 961 2264 ad
1004 2239 1150 2265 cenam
1193 2226 1363 2278 quidem
1404 2239 1449 2266 se
1491 2227 1641 2266 iturum
1680 2226 1734 2265 ad

111 2307 228 2342 eum,
270 2295 338 2346 qui
381 2295 456 2333 sibi
500 2294 553 2333 nil
594 2309 670 2348 pro
713 2295 795 2335 hoc
837 2295 1050 2335 debiturus
1091 2296 1167 2335 sit:
1214 2303 1317 2349 puto
1359 2296 1560 2349 intellegis
1602 2296 1734 2335 multo

111 2364 245 2403 minus
293 2365 347 2403 ad
396 2379 469 2404 cos
511 2365 685 2414 iturum,
733 2366 801 2418 qui
844 2379 937 2405 cum
980 2367 1208 2405 amicorum
1251 2365 1394 2406 officiis
1435 2367 1549 2419 paria
1590 2380 1735 2406 mensa

112 2433 283 2483 faciunt,
333 2435 401 2487 qui
442 2434 608 2475 fericula
648 2449 725 2488 pro
768 2437 985 2489 congiariis
1028 2443 1269 2485 numerant,
1318 2437 1434 2489 quasi
1476 2437 1515 2476 in
1556 2437 1733 2477 alienum

111 2562 130 2595 3
158 2573 217 2593 nos
242 2569 306 2593 met
332 2563 419 2604 ipsos
540 2562 560 2596 7
593 2563 774 2604 eloquentia
802 2563 835 2606 (a
861 2562 895 2596 2‘72
923 2574 961 2595 ae
987 2561 1096 2606 corr.)
1218 2562 1238 2596 9
1273 2565 1432 2605 oppressit
1459 2563 1592 2609 Neap.:
1622 2564 1735 2605 pressit

232 2620 274 2654 10
301 2621 428 2652 firmam
455 2619 529 2654 E2:
559 2623 698 2663 primam
824 2622 864 2655 13
892 2623 979 2653 effert
1006 2621 1141 2666 Neap.:
1171 2623 1265 2653 ossert
1390 2622 1427 2655 14
1456 2624 1614 2664 apstinent
1640 2622 1673 2666 (p
1699 2622 1734 2654 e'n

112 2679 133 2707 b
160 2678 269 2720 corr.)
418 2680 456 2712 15
490 2681 646 2712 libertatis
672 2682 767 2712 enitet
794 2679 1010 2714 deteriores:
1039 2681 1196 2712 libertatis
1221 2682 1359 2713 seuit.et
1510 2681 1548 2714 ἰδ’
1577 2682 1605 2711 in
1633 2681 1735 2711 latore

114 2734 328 2771 Pincianus:
358 2739 500 2770 inactore
621 2740 652 2770 in
679 2750 775 2771 onere
801 2738 1018 2773 deteriores:
1049 2741 1138 2771 inore
1258 2740 1302 2773 20
1329 2744 1394 2770 tam
1423 2738 1638 2773 deteriores:
1669 2740 1732 2770 iam

230 2798 426 2839 multumque
451 2799 654 2840 negotiorum
684 2798 784 2830 ferunt
812 2799 930 2841 (serunt
950 2796 1127 2841 Muretus)
1155 2798 1258 2832 uncis
1284 2798 1414 2832 inclusi
1436 2798 1535 2843 qnod
1561 2799 1626 2832 πίω
1647 2808 1733 2842 pro-

110 2866 210 2911 fecta
234 2872 318 2901 sunl
343 2876 365 2902 a
392 2868 568 2914 scriptore
717 2868 757 2903 31
788 2870 919 2901 adeosae
1040 2870 1083 2904 32
1109 2857 1242 2911 fericula
1337 2871 1500 2913 congiaris

1754 897 1783 921 10

1756 1249 1784 1272 15

1752 1600 1785 1626 ‘20

1753 1917 1786 1942 ‘25

1755 2306 1788 2329 :30
