1977 3231
548 166 652 194 DIAL.
675 168 707 194 V.
746 169 799 195 DE
819 170 887 196 IRA
908 171 982 199 LIB.
1004 172 1056 198 111.
1100 175 1140 200 17.
1164 175 1203 201 ts.
1654 183 1729 223 101

111 272 254 310 regem
287 259 599 312 Alexandrum,
643 266 711 317 qui
745 265 896 307 Clitum
929 271 1183 311 carissimum
1218 273 1292 312 sibi
1325 280 1366 313 et
1398 288 1479 314 una
1511 275 1733 316 educatum

110 329 214 369 inter
255 331 396 383 epulas
440 334 659 374 transfodit
702 351 825 376 manu
867 342 1037 391 quidem
1079 356 1173 390 sua,
1222 356 1368 395 parum
1410 345 1648 386 adulantem
1694 354 1736 387 et

108 401 225 452 pigre
257 415 311 440 ex
344 402 579 444 Macedone
611 420 659 446 ac
691 407 832 448 libero'
853 410 892 449 in
926 411 1130 452 Persicam
1163 415 1404 455 seruitutem
1439 423 1735 458 transeuntem.

62 474 82 507 2
108 484 204 510 nam
238 472 537 523 Lysimachum
580 490 711 529 aeque
753 478 993 520 familiarem
1037 483 1112 522 sibi
1149 483 1258 523 leoni
1299 487 1462 526 obiecit.
1534 490 1734 542 numquid

108 554 209 592 ergo
251 542 316 582 hic
358 544 633 595 Lysimachus
687 549 879 590 felicitate
931 555 1113 604 quadam
1163 540 1357 596 dentibus
1399 558 1528 598 leonis
1571 560 1734 612 elapsus

60 615 79 646 ἐξ
107 611 163 650 ob
187 612 276 660 hoc,
310 627 404 654 cum
428 617 515 668 ipse
538 626 742 670 regnaret,
775 622 912 661 mitior
939 622 1034 663 fuit?
1067 638 1164 664 nam
1188 626 1225 665 T
1228 626 1494 680 elesphorum
1518 630 1732 670 Rhodium

105 683 284 722 amicum
327 699 446 725 suum
492 689 674 741 undique
707 692 989 741 decurtatum,
1033 708 1126 734 cum
1160 709 1278 736 aures
1311 698 1363 737 illi
1396 713 1627 753 nasumque
1659 703 1731 741 ab·

104 754 311 801 scidisset,
354 758 392 795 in
426 771 553 798 cauea
585 760 697 801 uelut
729 775 885 802 nouum
919 764 1088 817 aliquod
1122 768 1272 807 animal
1305 776 1346 808 et
1378 771 1628 811 inuisitatum
1663 774 1732 812 diu

102 827 228 876 pauit,
262 840 354 865 cum
388 829 470 867 oris
503 830 734 872 detruncati
768 834 1026 887 mutilatique
1050 837 1291 878 deformitas
1324 840 1550 881 humanam
1583 842 1730 883 faciem

101 896 358 946 perdidisset
433 902 663 941 accedebat
704 903 835 944 sames
878 912 919 944 et
960 907 1126 958 squalor
1169 916 1211 948 et
1253 910 1422 950 inluuies
1464 915 1648 966 corporis
1691 916 1729 954 in

54 969 75 1002 4
101 970 284 1006 stercore
325 982 401 1008 suo
445 971 640 1011 destituti.
711 974 872 1015 callosis
914 990 1038 1029 super
1078 979 1181 1018 haec
1223 982 1399 1032 genibus
1443 984 1727 1037 manibusque,

99 1049 202 1087 quas
233 1037 273 1076 in
305 1052 425 1078 usum
447 1043 604 1093 pedum
627 1046 843 1096 angustiae
876 1047 954 1086 loci
977 1050 1198 1100 cogebant,
1231 1051 1426 1092 lateribus
1458 1058 1559 1094 u'ero
1588 1057 1727 1095 attritu

100 1107 347 1148 exulceratis
378 1124 461 1150 non
495 1113 629 1153 minus
662 1115 785 1155 foeda
817 1131 943 1169 quam
978 1121 1164 1159 terribilis
1198 1129 1286 1162 erat
1309 1122 1444 1163 forma
1476 1126 1560 1165 eius
1592 1127 1724 1166 uisen-

98 1177 228 1225 tibus,
262 1178 476 1233 factusque
513 1197 650 1235 poena
683 1200 757 1225 sua
795 1195 1028 1228 monstrum
1063 1191 1386 1233 misericordiam
1425 1209 1594 1248 quoque
1626 1198 1724 1236 arni-

98 1255 228 1288 serat:
273 1255 416 1290 tamen
458 1267 552 1293 cum
597 1256 887 1297 dissimillimus
930 1267 1040 1300 esset
1082 1262 1239 1302 homini
1262 1266 1350 1316 ’qui
1381 1265 1448 1304 illa
1480 1268 1725 1318 patiebatur,
1764 1283 1778 1306 5

98 1319 334 1360 dissimilior
366 1330 455 1363 erat
487 1325 556 1376 qui
588 1324 776 1367 faciebat.

55 1394 65 1425 l
215 1390 368 1433 XVIII.
410 1394 581 1434 Utinam
615 1397 693 1436 ista
713 1401 884 1439 saeuitia
916 1402 1020 1441 intra
1041 1406 1258 1456 peregrina
1288 1407 1484 1460 exempla
1507 1410 1725 1450 mansisset

97 1474 173 1500 nec
214 1461 253 1500 in
285 1463 504 1505 Romanos
546 1481 685 1508 mores
728 1483 821 1509 cum
865 1471 949 1511 aliis
991 1475 1231 1515 aduenticiis
1275 1478 1378 1517 uitiis
1411 1480 1536 1518 etiam
1569 1482 1721 1534 suppli-

96 1531 253 1571 ciorum
285 1534 520 1588 irarumque
544 1538 734 1579 barbaria
756 1543 990 1583 transisset!
1028 1545 1083 1584 M.
1107 1546 1241 1587 Mario
1270 1549 1331 1587 cui
1355 1549 1520 1589 uicatim
1543 1552 1722 1604 populus

95 1607 254 1642 statuas
286 1613 499 1655 posuerat,
542 1609 604 1647 cui
637 1616 727 1649 ture
759 1625 808 1651 ac
841 1613 935 1652 uino
977 1617 1244 1668 supplicarat‚
1279 1619 1322 1658 L.
1357 1619 1472 1660 Sulla
1503 1622 1722 1675 praefringi

96 1685 224 1721 crura,
257 1676 341 1714 erui
374 1677 528 1726 oculos,
562 1683 768 1731 amputari
792 1696 938 1724 manus
971 1687 1084 1726 iussit
1117 1694 1158 1727 et
1189 1691 1305 1740 quasi
1327 1692 1479 1731 totiens
1512 1694 1723 1733 occideret

92 1744 284 1794 quotiens
336 1746 601 1797 uolnerabat,
652 1752 851 1803 paulatim
901 1762 943 1795 et
984 1771 1058 1809 per
1090 1756 1283 1811 Jsingulos
1336 1768 1448 1801 artus
1500 1763 1720 1804 lacerabat.

93 1813 182 1864 quis
225 1822 309 1855 erat
352 1816 468 1858 huius
510 1820 667 1873 imperii
711 1824 917 1865 minister?
960 1829 1049 1879 quis
1091 1830 1165 1868 nisi
1198 1830 1372 1871 Catilina
1408 1834 1489 1872 iam
1523 1835 1561 1873 in
1594 1848 1721 1874 omne

47 1815 66 1849 10

588 1925 634 1949 uel

94 1955 107 1987 l
139 1957 317 1990 alexandri-1
345 1958 556 2002 (sequuntur
581 1967 658 1992 nota
685 1963 864 1998 alexandri]
893 1968 1034 1999 amicum
1061 1980 1150 2000 suum
1180 1971 1288 2002 clitum
1316 1973 1398 2004 inter
1422 1975 1532 2015 epulas
1559 1977 1719 2007 occidisse

610 2020 649 2045 sic
1225 2019 1245 2053 l,
1272 2020 1348 2050 Slml

90 2051 142 2091 qui
169 2056 198 2082 et
225 2053 464 2094 condiscipulus
492 2055 536 2086 illi
564 2056 619 2087 fuit
646 2055 739 2090 linea
766 2062 979 2095 lr(m.s·nersa
1007 2061 1135 2099 deleta)
1242 2077 1303 2097 una
1331 2067 1528 2112 (suprascr.
1557 2080 1600 2104 772.
1630 2071 1716 2104 rec)

232 2112 251 2143 *2
278 2117 360 2152 paru
389 2113 542 2147 adulante
570 2124 602 2152 (a
626 2121 708 2159 post
735 2122 756 2150 u
786 2128 883 2153 corr.
910 2120 945 2152 2⁸7³
973 2123 1061 2157 νας.)
1207 2124 1228 2157 4
1255 2127 1398 2167 nunquid
1555 2128 1567 2161 ἶ
1596 2134 1714 2170 nassiq;

91 2169 137 2209 (q3
167 2174 276 2209 corr.)
437 2175 458 2200 δ’
485 2173 617 2215 aliquod
644 2177 766 2207 animal
793 2177 870 2211 cod.
899 2181 1019 2211 animal
1046 2182 1177 2223 aliquod
1204 2183 1312 2227 ²¹²(qu
1472 2186 1493 2220 8
1520 2188 1714 2219 inuisitatum

91 2225 293 2261 Bentlee'us:
324 2230 506 2262 inusitatum
630 2236 648 2265 §J
676 2235 820 2267 humana
840 2237 925 2270 facie
953 2245 1048 2283 (post
1066 2241 1208 2273 humana
1235 2240 1374 2276 litterae
1393 2245 1586 2279 nonnullae
1603 2257 1714 2291 appa-

88 2291 258 2330 ruerunt,
295 2289 458 2332 quamuis
477 2301 611 2334 parum
639 2300 808 2337 aperlae.
840 2296 1006 2338 sitrlasse
1039 2303 1097 2341 ue,
1135 2306 1170 2332 ul
1205 2303 1368 2335 conicere
1403 2302 1505 2337 liceat
1538 2306 1713 2337 humanam

87 2367 217 2388 omnem
249 2359 379 2399 faciem)
481 2361 522 2393 11)
549 2348 705 2402 pilidiqset
734 2373 826 2409 ipos(
854 2366 940 2402 iall,
960 2379 1034 2403 ras,
1056 2369 1160 2403 unius
1178 2369 1329 2414 le'llerae)
1429 2375 1529 2406 sames
1559 2377 1714 2418 7squalor

88 2426 121 2467 (7
133 2427 167 2460 z'n
194 2430 283 2467 ras.)
417 2432 566 2467 7illuuies
595 2434 672 2475 (72'71
700 2439 787 2474 ras.)
934 2439 965 2471 ll
997 2415 1126 2471 ea¹10sis
1293 2446 1456 2486 manib;q;
1487 2454 1532 2488 μμ
1562 2447 1595 2480 in
1624 2446 1712 2491 ras.)

207 2486 247 2520 12
277 2489 384 2520 attritu
412 2490 535 2531 (tolum
562 2491 597 2525 in
624 2494 711 2537 ras.)
837 2496 876 2528 123
905 2497 980 2537 feda
1104 2499 1143 2532 14
1171 2512 1254 2542 pena
1377 2504 1418 2536 15»
1445 2506 1499 2546 qui
1525 2506 1555 2547 in
1585 2507 1639 2538 illa
1667 2507 1712 2548 (in

81 2548 304 2588 punctatum,
326 2552 521 2592 praeterea
548 2549 678 2585 lineola
705 2557 914 2588 trunsum-m
939 2555 1108 2600 clelelum)
1142 2580 1156 2592 .
1210 2560 1249 2593 is
1277 2563 1389 2594 seuitia
1487 2564 1532 2597 ‘20
1559 2576 1596 2597 ac
1623 2567 1709 2600 uino.

84 2603 126 2636 N.
156 2603 236 2646 (hoc
261 2606 414 2640 notandi
436 2608 576 2653 siquam
602 2611 811 2656 saepissime
838 2613 870 2646 ite
899 2617 1062 2660 marqine
1088 2616 1222 2651 codicis
1247 2623 1416 2665 apparel)
1513 2625 1710 2666 supplicarat

89 2662 214 2696 Gertz:
251 2666 455 2707 supplicabat
610 2670 699 2711 Sylla
844 2674 880 2705 ‘3¹
923 2677 1081 2716 amputari
1115 2677 1229 2721 lingui}
1267 2691 1355 2718 mam
1394 2682 1518 2724 (lingui-1
1550 2688 1708 2717 volutum

85 2726 119 2754 e!
130 2726 327 2766 praeterea
353 2723 482 2759 lineola
508 2732 720 2763 transuersa
739 2729 892 2764 deletum
911 2727 1075 2767 inmerito
1094 2737 1317 2772 relinendzcm
1345 2749 1422 2774 esse
1448 2746 1567 2775 censet
1587 2741 1708 2785 Gertz)

1403 2796 1418 2811 'i

203 2803 240 2838 21
272 2791 391 2838 totiens
527 2808 570 2843 ‘22
597 2812 785 2844 uulnerabat
925 2816 1086 2848 lacerabat
1118 2816 1234 2853 Koch:
1264 2821 1419 2860 lacerabit
1448 2823 1527 2858 cod.
1556 2826 1707 2857 lncerauit

404 2853 488 2879 huius
1227 2876 1230 2877 ⁷

84 2885 193 2930 mclqo
290 2887 332 2920 223
359 2895 427 2921 erat
453 2892 580 2933 imperii

1756 931 1783 954 Ιυ

1743 1637 1775 1662 20
