2008 3221
253 133 305 173 80
733 129 839 156 DIAL.
861 129 911 156 IV.
949 129 1001 153 DE
1024 128 1092 153 IRA
1112 128 1185 156 LIB.
1208 128 1246 155 ΙΙ.
1284 129 1328 156 32.
1349 129 1389 156 33.

251 234 323 276 est,
375 227 442 267 hic
494 227 667 266 uincere.
730 225 959 265 humanum
1013 225 1188 264 uerbum
1241 230 1303 264 est
1354 231 1396 265 et
1439 224 1609 278 quidem
1654 240 1731 280 pro
1773 227 1882 266 iusto

249 304 463 351 receptum
500 297 616 349 [ultio
649 296 705 348 et]
739 295 850 335 talio.
912 309 998 335 non
1040 294 1213 334 multum
1258 295 1395 335 differt
1427 296 1569 336 iniuria
1600 297 1675 336 nisi
1707 296 1878 336 ordine:

249 369 317 421 qui
369 368 563 408 dolorem
616 367 769 419 regerit
820 372 984 405 tantum
1037 365 1274 406 excusatius
1325 372 1483 418 peccat.
1562 366 1618 406 M.
1674 365 1882 406 Catonem
1908 370 1929 404 2

252 439 474 492 :ignorans]
510 439 549 477 in
581 437 746 477 balineo
789 437 959 490 quidam
1002 436 1206 490 percussit
1245 437 1483 489 inprudens.
1545 437 1633 491 quis
1677 437 1787 476 enim
1829 436 1882 476 illi

212 527 227 550 ε)
248 512 379 551 sciens
422 509 577 549 faceret
618 509 831 548 iniuriam?
889 513 1039 561 postea
1081 504 1346 547 satisfacienti
1390 507 1519 557 Cato,
1571 522 1657 548 non
1700 507 1887 556 memini„

246 582 397 634 inquit,
442 594 510 620 me
542 593 798 632 percussum.
859 578 1007 618 melius
1049 578 1211 631 putauit
1243 591 1329 618 non
1371 591 1602 630 agnoscere
1633 592 1760 632 quam
1794 580 1879 619 uin-

247 653 397 691 dicare.
459 649 579 700 nihil,
632 651 786 703 inquis,
839 648 891 689 illi
932 656 1030 702 post
1067 655 1229 689 tantam
1271 649 1541 702 petulantiam
1583 649 1681 690 mali
1723 649 1880 690 facturn
1907 657 1927 692 3

246 725 333 763 est?
406 723 537 762 immo
581 722 759 762 multum
792 721 914 761 boni:
973 722 1110 775 coepit
1144 718 1352 760 Catonem
1385 733 1520 760 nosse.
1584 720 1724 773 magni
1756 721 1881 760 animi

246 801 308 833 est
340 793 502 833 iniurias
534 794 761 846 despicere.
824 791 992 832 ultionis
1031 790 1495 832 contumeliosissimum
1534 804 1667 843 genus
1700 797 1764 832 est
1796 805 1881 831 non

195 878 225 902 10
247 878 337 905 esse
369 865 502 904 uisum
536 865 723 916 dignum,
767 877 822 903 ex
863 876 948 916 quo
980 868 1195 916 peteretur
1235 861 1349 918 ultio.
1411 861 1530 902 multi
1573 861 1686 902 leues
1718 863 1880 902 iniurias

245 936 364 975 altius
396 935 472 975 sibi
515 936 742 982 demisere,
786 935 886 973 dum
930 933 1162 973 uindicant:
1209 932 1275 972 ille
1318 946 1497 985 magnus
1535 939 1577 973 et
1608 932 1769 982 nobilis,
1811 933 1881 986 qui

246 1021 364 1047 more
397 1019 576 1058 magnae
608 1004 719 1044 ferae
750 1004 923 1044 latratus
957 1004 1212 1045 minutorum
1246 1017 1396 1043 canum
1428 1017 1597 1043 securus
1629 1005 1813 1044 exaudit.

362 1077 558 1117 XXXIII.
621 1076 770 1123 Minus,
811 1075 953 1128 inquit,
996 1080 1329 1123 contemnemur,
1371 1075 1404 1114 si
1442 1075 1789 1115 uindicauerimus
1821 1075 1878 1114 in·
1910 1081 1925 1114 l

243 1150 399 1189 iuriam.
462 1148 494 1187 si
536 1154 753 1199 tamquam
797 1147 851 1186 ad
894 1147 1126 1186 remedium
1169 1146 1379 1194 uenimus,
1417 1146 1504 1185 sine
1554 1145 1613 1185 ira
1654 1146 1880 1194 ueniamus,

191 1237 223 1262 15
243 1234 327 1260 non
361 1220 477 1272 quasi
509 1219 630 1259 dulce
662 1219 713 1258 sit
745 1217 952 1266 uindicari,
991 1218 1067 1257 sed
1100 1218 1216 1270 quasi
1248 1217 1358 1257 utile.
1420 1230 1546 1270 saepe
1578 1223 1720 1257 autem
1753 1217 1880 1256 satius

243 1291 316 1331 fuit
359 1289 636 1338 dissimulare,
675 1302 801 1342 quam
844 1288 992 1328 ulcisci.
1055 1288 1340 1341 potentiorum
1385 1288 1552 1328 iniuriae
1594 1287 1710 1328 hilari
1752 1288 1880 1340 uoltu,

242 1376 327 1402 non
360 1362 566 1415 patienter
597 1367 760 1401 tantum
794 1359 989 1399 serendae
1021 1365 1127 1400 sunt.
1190 1359 1342 1399 facient
1379 1360 1551 1407 iterum,
1594 1359 1627 1398 si
1658 1372 1702 1398 se
1734 1357 1880 1398 fecisse

242 1433 504 1473 crediderint.
566 1431 648 1471 hoc
670 1431 829 1471 habent
850 1431 1079 1483 pessimum
1111 1430 1237 1469 animi
1260 1443 1415 1482 magna
1437 1429 1605 1470 fortuna
1627 1428 1874 1469 insolentes:

242 1518 348 1557 quos
380 1503 587 1543 laeserunt
626 1508 667 1542 et
712 1503 902 1542 oderunt.
967 1501 1183 1541 notissima
1225 1514 1312 1541 uox
1355 1506 1419 1540 est
1461 1501 1547 1540 eius
1589 1500 1658 1553 qui
1695 1500 1735 1540 in
1768 1499 1880 1540 cultu

186 1589 219 1614 ’.ω
240 1588 388 1627 regum
431 1580 717 1614 consenuerat.
782 1570 878 1613 cum'
929 1572 1043 1612 illum
1085 1573 1257 1625 quidam
1310 1573 1606 1624 interrogaret,
1657 1571 1878 1625 quomodo

1905 1511 1937 1577 ,ιε

238 1646 490 1693 rarissimam
543 1658 632 1684 rem
685 1644 724 1683 in
757 1644 851 1684 aula
893 1649 1142 1684 consecutus
1185 1649 1316 1692 esset,
1369 1648 1652 1692 senectutem,
1705 1643 1879 1691 iniurias,

238 1716 389 1768 inquit,
432 1716 677 1768 accipiendo
710 1720 752 1755 et
784 1715 939 1767 gratias
971 1716 1152 1767 agendo.
1215 1727 1341 1767 saepe
1375 1714 1485 1754 adeo
1528 1714 1714 1753 iniuriam
1747 1713 1879 1753 uindi-

240 1801 334 1827 care
356 1801 441 1826 non
465 1788 650 1839 expedit,
684 1792 729 1825 ut
762 1799 814 1825 ne
836 1785 951 1825 fateri
974 1787 1146 1838 quidem
1170 1786 1383 1838 expediat.
1447 1784 1491 1824 C.
1518 1783 1673 1825 Caesar
1694 1784 1878 1824 Pastoris
1903 1793 1924 1827 3

239 1857 445 1911 splendidi
479 1858 626 1910 equitis
658 1857 841 1897 Romani
863 1856 992 1896 filium
1015 1870 1110 1896 cum
1144 1857 1184 1895 in
1210 1855 1400 1895 custodia
1431 1852 1644 1896 habuisset
1667 1856 1879 1895 munditiis

186 1941 220 1967 π
241 1929 327 1968 eius
360 1934 402 1967 et
434 1927 674 1967 cultioribus
707 1927 862 1980 capillis
895 1927 1102 1975 offensus,
1145 1933 1323 1979 rogante
1365 1932 1484 1979 patre
1516 1933 1561 1966 ut
1593 1926 1770 1967 salutem
1803 1926 1879 1966 sibi

241 1999 309 2038 filii
342 2000 604 2046 concederet,
646 1998 762 2051 quasi
805 1999 859 2038 de
890 1997 1091 2051 supplicio
1124 1998 1365 2037 admonitus
1405 1997 1499 2036 duci
1531 1998 1721 2050 protinus
1753 1997 1878 2037 iussit.

240 2084 292 2109 ne
325 2075 467 2109 tamen
511 2070 652 2109 omnia
688 2068 913 2108 inhumane
954 2068 1110 2108 faceret
1154 2069 1377 2107 aduersum
1412 2074 1599 2120 patrem,
1643 2069 1698 2108 ad
1730 2080 1878 2107 cenam

240 2141 353 2180 illum
407 2154 458 2180 eo
511 2141 578 2179 die
629 2140 827 2180 inuitauit.
889 2140 1001 2179 uenit
1052 2140 1202 2179 Pastor
1262 2139 1376 2179 uoltu
1428 2138 1526 2178 nihil
1579 2139 1876 2192 exprobrante.
1903 2144 1925 2178 4

240 2212 475 2265 propinauit
507 2211 560 2250 illi
585 2210 739 2251 Caesar
771 2210 982 2250 heminam
1017 2216 1058 2250 et
1089 2209 1229 2263 posuit
1261 2209 1314 2249 illi
1343 2210 1574 2249 custodem.
1636 2201 1888 2262 pei-durauit'

188 2295 221 2320 30
242 2283 377 2330 miser,
421 2296 505 2321 non
537 2281 654 2321 aliter
685 2295 812 2334 quam
855 2281 887 2321 si
918 2281 986 2320 filii
1018 2281 1263 2333 sanguinem
1306 2280 1480 2320 biberet.
1543 2286 1803 2332 unguentum
1836 2285 1878 2319 et

242 2366 420 2393 coronas
453 2353 562 2392 misit
595 2359 636 2393 et
679 2353 906 2392 obseruare
947 2352 1061 2391 iussit
1103 2365 1155 2391 an
1198 2357 1405 2391 sumeret:
1452 2351 1639 2403 sumpsit.
1703 2364 1754 2390 eo
1798 2350 1877 2399 die,

242 2438 325 2476 quo
360 2422 486 2462 filium
530 2422 760 2471 extulerat,
802 2424 932 2462 immo
972 2436 1056 2475 quo
1098 2435 1182 2461 non
1216 2421 1446 2470 extulerat,
1496 2421 1659 2461 iacebat
1701 2421 1878 2460 conuiua

1897 2335 1915 2348 0

410 2565 415 2595 l
448 2565 624 2594 humanum
653 2561 827 2607 ,lladm'q2
857 2564 1066 2594 inhumanum
1239 2562 1258 2595 ζ)
1285 2562 1395 2592 ultioet
1423 2559 1571 2595 seclusit
1594 2559 1719 2594 Haase

244 2624 347 2654 dissert
376 2623 489 2653 iniuria
520 2620 647 2656 Gerlz:
679 2623 783 2654 dissert
811 2622 941 2656 omisso
968 2622 1083 2652 iniuria
1191 2620 1197 2653 i
1230 2621 1383 2662 ignorans
1409 2619 1526 2653 omisit
1553 2618 1606 2653 Εἑ
1703 2620 1876 2659 hamum),

239 2682 313 2725 full
341 2682 471 2712 balineo
569 2686 589 2708 ἡ·
609 2682 694 2723 cepit
792 2683 811 2712 ἵ)
839 2682 997 2722 dispicere
1017 2679 1135 2724 (prior
1154 2681 1162 2710 i
1182 2689 1276 2713 corr.
1296 2678 1331 2712 ln
1350 2679 1381 2721 e)
1485 2679 1524 2712 12
1552 2690 1667 2710 canum
1687 2677 1873 2723 plerique:

245 2741 330 2773 ciuisi
455 2741 488 2771 115
517 2744 752 2781 conlfipnemur
866 2740 900 2772 113
928 2740 1013 2771 uultu
1111 2740 1154 2772 *3¹2
1182 2739 1349 2769 uindicare
1375 2736 1453 2771 cocl.
1481 2742 1515 2771 el
1539 2736 1696 2771 edilores
1717 2736 1876 2782 priores,

243 2800 400 2830 uindicari
428 2797 576 2832 ffl'clierl
603 2803 636 2831 el
664 2798 785 2832 Haase
930 2800 973 2831 2⁴3
1001 2798 1182 2829 cocetleret,
1203 2796 1258 2839 (cf)
1285 2797 1320 2830 in
1347 2796 1435 2839 ras.)
1584 2797 1781 2828 ammonitus
1807 2796 1875 2838 (am

243 2858 354 2899 corr.)
471 2860 513 2890 :²⁸
542 2858 626 2888 uultu
