1977 3231
52 935 65 967 l
71 934 92 967 Ο

73 1707 92 1740 δά

402 127 506 153 DIAL.
521 127 557 152 X.
596 127 650 152 AD
672 127 873 153 PAVLINVM
895 128 947 153 DE
969 128 1191 153 BREVITATE
1213 127 1340 154 VITAE.
1382 129 1406 155 ἵ.
1429 130 1454 155 5⁴.
1653 131 1735 169 229

119 223 220 262 istos
263 222 484 273 effugiam?
537 223 723 274 diripitur
763 224 826 263 ille
868 230 964 264 toto
1007 223 1098 263 foro
1140 216 1339 276 patronus
1377 230 1419 263 et
1451 237 1606 275 magno
1639 237 1736 262 con-

121 306 240 331 cursu
272 293 412 331 omnia
444 292 571 341 ultra,
610 306 736 345 quam
768 294 897 333 audiri
931 300 1092 345 potest,
1125 294 1319 346 conplet:
1365 295 1557 346 quand0‚
1598 293 1738 345 inquit,

120 376 186 402 res
227 361 512 415 proferentur?
585 364 831 416 praecipitat
872 367 1045 416 quisque
1088 365 1216 403 uitam
1257 377 1375 403 suam
1419 370 1460 403 et
1501 362 1622 403 futuri
1665 364 1735 402 de-

119 432 270 472 siderio
303 432 478 480 laborat,
510 435 788 486 praesentium
821 434 972 473 taedio.
1033 441 1077 473 at
1109 433 1174 473 ille
1200 436 1268 486 qui
1290 433 1444 473 nullum
1468 447 1551 473 non
1573 439 1738 486 tempus

119 504 159 542 in
191 516 287 542 usus
318 516 416 542 suos
449 503 620 551 confert,
652 505 720 555 qui
754 517 901 543 omnes
934 505 1021 543 dies
1054 510 1269 556 tamquam
1302 505 1430 544 uitam
1459 505 1635 552 ordinat,
1662 517 1739 543 nec

120 579 239 626 optat
281 574 504 613 crastinum
547 587 625 614 nec
665 574 796 615 timet.
856 575 954 626 quid
993 576 1103 613 enim
1136 581 1221 622 est,
1263 576 1379 627 quod
1411 575 1492 614 iam
1525 574 1605 614 ulla
1637 574 1741 613 hora

118 658 253 684 nouae
285 643 509 696 uoluptatis
541 645 672 696 possit
704 643 891 683 adferre?
931 645 1072 684 omnia
1102 651 1213 691 nota,
1247 647 1387 684 omnia
1418 646 1473 684 ad
1505 647 1738 684 satietatem

118 720 316 766 percepta
347 720 452 753 sunt.
504 713 558 753 de
589 720 729 753 cetero
764 714 847 753 fors
880 714 1056 762 fortuna,
1090 720 1133 753 ut
1166 714 1292 762 uolet,
1325 715 1506 754 ordinet:
1544 717 1627 754 uita
1659 715 1739 753 iam

119 786 159 824 in
191 791 282 824 tuto
315 791 388 823 est.
452 784 545 823 huic
577 785 683 823 adici
716 790 869 836 potest,
903 784 1062 824 detrahi
1095 785 1213 833 nihil,
1257 791 1298 825 et
1330 785 1435 824 adici
1476 786 1552 832 sic,
1594 798 1737 836 quem-

118 856 350 894 admodum
381 861 522 894 saturo
554 856 634 894 iam
669 868 717 894 ac
748 854 872 907 pleno
905 855 1057 907 aliquid
1091 856 1193 895 cibi:
1230 855 1343 908 quod
1366 869 1443 895 nec
1465 856 1675 895 desiderat
1697 861 1738 893 et

119 926 238 978 capit.
300 938 385 964 non
428 931 491 964 est
532 925 671 977 itaque
713 925 827 977 quod
866 939 1121 977 quemquam
1154 932 1327 978 propter
1359 940 1485 966 canos
1517 932 1586 965 aut
1617 938 1739 976 rugas

117 1002 238 1048 putes
281 996 349 1035 diu
391 996 570 1035 uixisse:
623 996 720 1047 [non
752 995 819 1035 ille
852 997 921 1035 diu
953 997 1077 1044 uixit,
1119 997 1207 1048 sed}
1242 996 1309 1035 diu
1341 995 1425 1036 fuit.
1487 997 1585 1049 quid
1619 996 1739 1043 enim,

117 1066 149 1105 si
190 1065 303 1105 illurn
342 1065 518 1106 multum
551 1071 671 1118 putes
704 1067 944 1118 nauigasse,
986 1080 1126 1119 quent
1144 1080 1269 1106 saeua
1301 1069 1529 1121 tempestas
1561 1080 1585 1105 a
1616 1071 1740 1118 portu

118 1142 345 1189 exceptum
377 1136 458 1175 huc
489 1142 530 1175 et
562 1135 654 1175 illuc
685 1136 775 1176 tulit
808 1150 856 1175 ac
888 1137 1043 1176 uicibus
1076 1144 1295 1176 uentorum
1329 1151 1383 1175 ex
1417 1138 1581 1176 diuerso
1606 1136 1738 1175 furen-

117 1207 218 1246 tium
252 1220 326 1259 per
359 1208 507 1246 eadem
541 1207 674 1259 spatia
707 1207 746 1246 in
779 1207 927 1246 orbem
961 1207 1071 1258 egit?
1105 1220 1189 1246 non
1222 1207 1287 1246 ille
1319 1207 1496 1246 multum
1518 1208 1738 1259 nauigauit,

116 1278 192 1316 sed
223 1277 400 1317 multum
432 1277 606 1316 iactatus
639 1283 714 1317 est.

236 1347 335 1386 VIII
409 1347 548 1386 Mirari
590 1347 730 1395 soleo,
774 1361 868 1387 curn
911 1349 1035 1387 uideo
1077 1348 1236 1400 aliquos
1278 1354 1444 1400 tempus
1477 1354 1668 1401 petentes
1701 1354 1741 1386 et

119 1432 203 1466 eOS,
236 1419 305 1470 qui
337 1424 548 1469 rogantur,
581 1417 820 1457 facillimos:
856 1418 955 1457 illud
988 1425 1162 1471 uterque
1194 1425 1376 1471 spectat,
1420 1425 1594 1471 propter
1626 1420 1741 1471 quod

119 1495 285 1541 tempus
330 1488 506 1540 petitum
549 1494 631 1536 est,
674 1490 808 1541 ipsum
851 1489 1020 1540 quidem
1063 1495 1220 1528 neuter.
1281 1490 1398 1542 quasi
1436 1489 1538 1529 nihil
1579 1491 1741 1541 petitur,

119 1560 235 1611 quasi
277 1558 375 1598 nihil
419 1559 550 1598 datur.
613 1572 655 1598 re
698 1559 883 1598 onmium
916 1560 1214 1612 pretiosissima
1245 1559 1407 1599 luditur.
1469 1559 1569 1599 fallit
1601 1566 1741 1598 autem

119 1629 221 1677 illos,
253 1629 348 1681 quia
380 1642 444 1668 res
476 1629 743 1681 incorporalis
776 1636 849 1678 est,
882 1630 977 1682 quia
1008 1630 1085 1669 sub
1119 1630 1263 1670 oculos
1294 1644 1379 1669 non
1407 1631 1530 1678 uenit,
1563 1631 1743 1682 ideoque

121 1699 315 1739 uilissima
347 1700 598 1747 aestimatur,
631 1700 761 1739 immo
794 1714 926 1753 paene
959 1701 1116 1740 nullum
1149 1702 1232 1740 eius
1265 1701 1443 1753 pretium
1476 1707 1548 1740 est.
1607 1713 1743 1740 annua

119 1783 168 1809 ac
210 1770 419 1822 congiaria
460 1769 650 1809 homines
695 1771 902 1810 carissime
934 1772 1138 1823 accipiunt
1171 1777 1212 1810 et
1245 1771 1319 1810 illis
1351 1777 1420 1810 aut
1453 1771 1640 1810 laborem
1673 1777 1743 1810 aut

119 1854 293 1894 operam
343 1847 414 1880 aut
466 1840 722 1892 diligentiam
774 1855 891 1880 suam
941 1841 1105 1881 locant:
1162 1855 1287 1881 nemo
1331 1842 1522 1881 aestimat
1564 1848 1742 1894 tempus.

121 1917 291 1951 utuntur
333 1911 401 1950 illo
443 1910 576 1951 laxius
618 1913 735 1964 quasi
777 1913 968 1964 gratuito.
1032 1918 1074 1951 at
1116 1912 1289 1952 eosdem
1333 1925 1482 1964 aegros
1515 1913 1676 1959 uideas,
1711 1912 1742 1951 si

121 1982 266 2022 mortis
307 1981 534 2035 periculum
577 1982 747 2035 propius
790 1989 853 2022 est
891 1983 1133 2031 admotum,
1177 1982 1434 2021 medicorum
1477 1996 1612 2034 genua
1653 1988 1741 2021 tan-

120 2059 289 2105 gentes,
341 2053 373 2092 si
416 2058 607 2092 metuunt
649 2052 823 2105 capitale
865 2053 1132 2105 supplicium,
1185 2054 1325 2092 onmia
1367 2067 1461 2101 sua,
1505 2060 1549 2092 ut
1592 2053 1743 2100 uiuant,

120 2129 290 2176 paratos
334 2124 583 2176 inpendere:
619 2128 737 2163 tanta
768 2124 808 2162 in
839 2123 913 2162 illis
947 2124 1154 2163 discordia
1186 2123 1425 2163 adfectuum
1459 2130 1532 2163 est.
1594 2123 1744 2176 quodsi

1226 2280 1235 2299 t

130 2310 136 2342 l
170 2311 332 2352 diripitur]
360 2308 408 2353 cf.
437 2309 556 2344 deira
574 2311 605 2349 3,
627 2312 681 2349 23,
702 2313 720 2342 5
819 2311 838 2344 2
866 2310 1008 2351 complet
1128 2311 1239 2353 inquiri
1360 2312 1378 2342 5
1406 2314 1571 2351 tamquam
1599 2311 1743 2341 ultimam

123 2369 251 2400 ordinat
285 2367 468 2403 Bentleius
501 2367 601 2413 apud
634 2367 829 2413 Haupcz'um
867 2367 956 2413 Opp.
985 2367 1035 2402 II.
1069 2378 1104 2413 p.
1133 2369 1220 2411 268,
1255 2367 1321 2402 sed
1354 2367 1436 2402 uide
1469 2378 1548 2413 epp.
1577 2370 1638 2408 61,
1669 2371 1681 2401 1
1712 2369 1745 2399 id

124 2438 188 2469 ago
222 2432 254 2458 ut
289 2428 370 2459 mihi
405 2429 502 2459 instar
537 2428 632 2459 totius
666 2428 750 2459 uitae
782 2429 851 2459 dies
884 2429 923 2459 sit
1076 2439 1135 2459 nec
1163 2428 1197 2469 (n
1223 2427 1257 2460 in
1286 2428 1373 2469 ras.)
1521 2428 1540 2459 (5
1573 2428 1638 2458 ulla
1663 2428 1744 2458 hora

124 2484 228 2520 dest:
264 2487 353 2518 nulla}
378 2487 462 2518 horsi
607 2486 651 2519 10
686 2492 715 2518 et
742 2488 828 2528 capit
854 2484 1027 2531 Illadm'q:
1058 2487 1144 2528 capit
1297 2486 1332 2520 12
1367 2487 1482 2518 uixisse
1508 2486 1556 2529 (iu
1584 2486 1746 2529 marffl'ne

124 2555 215 2578 tuan.
243 2554 314 2578 rec.
349 2555 415 2576 non
450 2545 503 2576 ille
530 2545 583 2576 diu
610 2546 696 2578 uixit.
722 2546 798 2584 sed,
833 2555 925 2590 quae
952 2554 1029 2578 cnm
1057 2543 1228 2578 Fica-erto
1254 2550 1287 2578 et
1314 2544 1449 2578 Haasio
1475 2544 1575 2578 meeis
1601 2544 1743 2584 e'nclnse')

241 2604 319 2645 quid
345 2604 430 2635 enim
458 2602 676 2638 deteriores:
707 2605 795 2645 quod
820 2609 873 2637 eni
1000 2604 1039 2637 ltj
1074 2610 1119 2635 set
1146 2604 1281 2635 multum
1408 2602 1447 2636 18
1474 2604 1552 2634 illud
1579 2604 1613 2645 (d
1633 2604 1743 2638 corr.)

241 2661 286 2694 ‘20
312 2672 346 2693 re
371 2660 557 2696 Muretus:
585 2673 634 2694 res
778 2663 821 2696 ⁸22),
856 2663 1021 2693 estimatur
1164 2661 1209 2695 ‘22
1241 2673 1347 2693 annua
1373 2673 1411 2694 ac
1438 2659 1609 2705 llladecl'y:
1641 2673 1743 2692 annua

242 2722 285 2754 223
313 2721 479 2752 carissime
504 2720 670 2765 Lipsius:
700 2722 858 2752 carissimi
1004 2721 1065 2752 illis
1094 2720 1222 2755 Gerlz:
1253 2721 1336 2752 inhis
1362 2722 1425 2761 (his
1451 2720 1484 2753 in
1513 2721 1600 2761 ras.)

125 2779 164 2812 *li
203 2780 328 2810 estimat
473 2780 517 2813 ‘25
553 2781 663 2811 uideas
691 2778 861 2824 Madm'q:
892 2781 965 2811 uide
1111 2780 1154 2812 21¹.
1193 2781 1324 2821 propius·
1351 2779 1567 2813 deteriores:
1599 2780 1745 2820 proprius

243 2838 288 2871 21⁸5
314 2839 501 2879 impendere

1763 867 1791 891 lo

1764 1220 1792 1244 15

1762 1572 1795 1597 20

1763 1925 1795 1948 25
