1977 3231
296 102 401 130 DIAL.
422 101 474 129 IX.
515 102 568 126 AD
589 100 777 127 SERENVM
799 101 850 126 DE
869 99 1222 131 TRANQVILLITATE
1243 98 1371 125 ANIMI.
1412 99 1454 125 15.
1478 99 1519 125 16.
1629 99 1710 139 217

97 197 313 238 hominurn
356 199 527 250 negotia
567 196 774 237 simillima
814 197 934 237 initiis
976 209 1066 235 esse
1108 209 1186 235 nec
1227 195 1354 234 uitam
1386 194 1549 234 illorum
1582 192 1715 245 magis

52 281 71 314 5
97 275 284 309 sanctam
327 274 397 308 aut
440 281 627 307 seueram
672 281 763 307 esse
803 280 929 320 quam
973 272 1236 318 conceptum.
1299 263 1440 320 [nihilo
1473 262 1608 318 natus]
1641 262 1715 303 sed

50 633 69 665 (j

47 1616 68 1649 (Ο

97 341 223 379 satius
256 344 318 378 est
349 338 538 391 publicos
571 352 709 377 mores
742 344 784 378 et
816 337 998 377 humana
1030 337 1128 376 uitia
1158 335 1320 388 placide
1353 336 1541 388 accipere
1572 349 1650 375 nec
1676 335 1716 374 in

96 409 221 449 risum
269 423 347 449 nec
387 410 427 448 in
469 408 658 449 lacrimas
701 409 978 448 excidentem.
1051 420 1148 447 nam
1190 406 1331 446 alienis
1374 405 1491 446 malis
1533 408 1716 459 torqueri

96 485 266 520 aeterna
315 480 477 520 miseria
518 486 601 528 est,
650 479 790 519 alienis
832 478 1028 519 delectari
1070 477 1186 517 malis
1229 475 1421 529 uoluptas
1463 476 1710 517 inhumana:

95 551 198 590 sicut
239 549 305 590 illa
345 550 491 590 inutilis
533 550 767 590 humanitas
811 549 930 598 flere,
972 550 1068 601 quia
1108 547 1252 600 aliquis
1293 546 1419 586 filium
1463 546 1631 596 efferat,
1675 554 1717 587 et

96 621 276 661 frontem
307 634 425 661 suam
458 620 626 673 fingere.
688 621 727 659 in
759 620 841 660 suis
872 633 1040 672 quoque
1072 617 1190 658 malis
1217 619 1274 658 ita
1302 631 1447 669 gerere
1469 631 1514 657 se
1536 624 1716 670 oportet,

96 697 140 731 ut
181 691 316 731 dolori
357 697 519 731 tantum
560 692 655 739 des,
699 697 900 743 quantum
932 691 1068 743 poscit
1099 689 1225 736 ratio,
1267 701 1351 727 non
1383 694 1583 740 quantum
1616 702 1714 729 con-

95 762 284 802 suetudo.
345 761 530 814 plerique
563 762 671 801 enim
703 760 893 800 lacrimas
924 759 1111 807 fundunt,
1144 764 1188 798 ut
1222 758 1458 806 ostendant,
1491 764 1532 798 et
1563 761 1716 799 totiens

95 834 228 872 siccos
271 831 414 872 oculos
457 831 637 880 habent,
679 832 871 884 quotiens
902 836 1116 883 spectator
1149 828 1297 876 defuit,
1338 834 1458 881 turpe
1489 828 1716 869 iudicantes

95 916 179 942 non
211 902 328 951 fiere,
367 916 461 942 cum
496 916 644 942 omnes
676 901 836 942 faciant.
899 901 1008 941 adeo
1040 900 1203 953 penitus
1234 899 1317 940 hoc
1347 913 1392 938 se
1426 898 1581 939 malum
1614 899 1716 948 fixit,

95 987 149 1013 ex
188 972 319 1012 aliena
351 973 546 1026 opinione
578 973 781 1026 pendere,
822 978 865 1011 ut
897 972 936 1011 in
968 970 1276 1011 simulationem
1309 970 1433 1009 etiam
1467 983 1531 1009 res
1563 970 1715 1024 simpli-

94 1044 267 1092 cissima,
300 1043 433 1092 dolor,
466 1045 612 1083 ueniat.

212 1114 326 1154 XVI.
370 1113 576 1166 Sequetur
613 1127 730 1167 pam,
773 1126 879 1165 quae
916 1112 1025 1152 solet
1057 1125 1141 1151 non
1173 1111 1366 1151 inmerito
1399 1113 1644 1152 contristare
1676 1118 1718 1152 et

94 1187 133 1225 in
174 1184 490 1224 sollicitudinem
533 1185 753 1224 adducere.
816 1183 885 1223 ubi
927 1183 1135 1222 bonorum
1177 1182 1314 1222 exitus
1357 1182 1452 1222 mali
1489 1188 1605 1230 sunt,
1648 1182 1717 1223 ubi

95 1255 290 1295 Socrates
322 1256 484 1307 cogitur
505 1255 544 1293 in
568 1268 732 1294 carcere
754 1254 871 1302 mori,
903 1252 1081 1293 Rutilius
1102 1253 1142 1292 in
1166 1252 1291 1292 exilio
1313 1254 1462 1301 uiuere,
1495 1253 1719 1306 Pompeius

94 1332 136 1366 et
169 1325 315 1366 Cicero
360 1325 575 1364 clientibus
617 1325 698 1364 suis
739 1324 941 1377 praebere
984 1323 1209 1371 ceruicem,
1252 1322 1359 1363 Cato
1391 1322 1477 1371 ille,
1520 1324 1717 1363 uirtutum

94 1398 188 1436 uiua
218 1398 377 1448 imago,
409 1395 651 1435 incumbens
684 1394 825 1447 gladio
857 1393 977 1433 simul
1010 1394 1063 1433 de
1094 1407 1140 1433 se
1170 1407 1219 1433 ac
1251 1394 1305 1433 de
1336 1393 1547 1446 republica
1578 1394 1716 1447 palam

94 1466 240 1515 facere,
262 1479 433 1505 necesse
456 1472 518 1505 est
541 1467 723 1518 torqueri
744 1471 832 1504 tam
854 1465 992 1517 iniqua
1014 1465 1199 1518 praemia
1220 1463 1429 1504 fortunam
1452 1464 1713 1517 persoluere:

94 1543 136 1577 et
177 1537 276 1590 quid
317 1537 394 1576 sibi
435 1537 608 1589 quisque
650 1536 748 1575 boni
791 1541 952 1588 speret,
994 1548 1088 1574 cum
1131 1535 1271 1575 uideat
1311 1534 1493 1587 pessima
1534 1535 1718 1588 optimos

93 1608 206 1660 pati?
258 1608 358 1660 quid
401 1621 503 1659 ergo
547 1609 636 1646 est?
690 1606 786 1646 uide
822 1606 1040 1659 quomodo
1078 1606 1251 1658 quisque
1282 1605 1445 1645 illorum
1478 1604 1634 1653 tulerit,
1678 1612 1719 1645 et

92 1679 123 1717 si
167 1677 296 1717 fortes
328 1677 510 1725 fuerunt,
554 1677 738 1730 ipsorum
770 1676 862 1716 illos
894 1677 1033 1716 animo
1065 1676 1268 1715 desidera.
1296 1680 1299 1684 '
1329 1676 1362 1715 si
1394 1675 1646 1715 muliebriter
1678 1682 1719 1715 et

92 1749 241 1800 ignaue
273 1749 503 1801 perierunt,
547 1747 644 1786 nihil
676 1748 804 1801 periit.
868 1753 938 1786 aut
970 1746 1083 1799 digni
1115 1752 1230 1794 sunt,
1274 1760 1452 1799 quorum
1485 1747 1613 1786 uirtus
1645 1746 1719 1786 tibi

92 1818 276 1872 placeat,
318 1824 388 1858 aut
430 1819 607 1870 indigni,
646 1831 824 1871 quorum
858 1818 1116 1857 desideretur
1147 1817 1321 1868 ignauia.
1383 1817 1481 1869 quid
1514 1818 1623 1857 enim
1656 1824 1718 1858 est

92 1889 249 1941 turpius
291 1902 416 1942 quam
459 1890 492 1929 si
535 1889 707 1929 maximi
749 1889 821 1928 uiri
864 1888 1034 1927 timidos
1077 1887 1234 1927 fortiter
1276 1888 1495 1928 moriendo
1538 1887 1716 1929 faciunt?

93 1960 310 2000 laudemus
342 1960 495 1999 totiens
528 1960 703 2012 dignum
735 1958 924 1998 laudibus
947 1964 988 1998 et
1011 1959 1222 1998 dicamus:
1269 1964 1387 1998 tanto
1411 1958 1566 2007 fortior,
1599 1964 1718 1999 tanto

92 2029 273 2070 felicior!
311 2043 459 2069 omnes
481 2029 658 2082 effugisti
683 2043 813 2078 casus,
835 2029 1020 2077 liuorem,
1044 2029 1253 2069 morbum.
1296 2029 1418 2068 existi
1441 2043 1495 2068 ex
1519 2031 1718 2071 custodia.

92 2114 175 2140 non
218 2106 263 2140 tu
296 2101 443 2152 dignus
476 2099 586 2140 mala
617 2099 783 2139 fortuna
815 2101 876 2139 dis
908 2100 1018 2139 uisus
1051 2113 1115 2148 es,
1157 2100 1233 2139 sed
1264 2100 1478 2151 indignus,
1522 2102 1562 2140 in
1593 2114 1717 2153 quem

94 2240 110 2273 1
140 2240 308 2271 simillima
334 2238 412 2273 cod.
440 2239 558 2270 similia
585 2237 693 2283 uulyo
815 2238 835 2272 2
863 2265 870 2272 .
891 2239 1014 2270 nichilo
1040 2244 1107 2275 nat3
1137 2237 1215 2273 cod.
1243 2237 1375 2272 inclusi
1396 2237 1485 2274 haec
1511 2239 1622 2274 uerba
1639 2250 1717 2274 cum

92 2297 264 2332 Fz'clcerto
297 2301 331 2332 ec
356 2296 554 2341 Macluz'qe'o,
591 2297 758 2341 quamuis
792 2295 1015 2334 dubitantem
1052 2300 1131 2330 erat
1157 2307 1235 2330 cum
1262 2297 1459 2331 com'cerem
1485 2299 1586 2330 nihilo
1613 2300 1718 2331 minus

92 2358 189 2388 satius
216 2361 260 2388 est
383 2356 402 2390 6
430 2357 501 2389 filiu
527 2354 616 2396 cod„
643 2365 714 2389 non
743 2355 842 2386 filiam
964 2355 984 2389 7
1012 2356 1169 2397 itagerere
1195 2355 1245 2398 (ἶφι
1264 2366 1379 2400 marq,
1398 2367 1441 2390 m.
1461 2366 1531 2391 rec.
1552 2358 1595 2388 ita
1622 2369 1718 2399 agere

92 2461 126 2482 se
151 2450 292 2492 oportet)
414 2448 436 2483 8
461 2450 565 2491 poscit
593 2450 674 2480 ratio
701 2445 885 2482 Muretus:
914 2450 1020 2490 poscit
1145 2449 1183 2482 11
1221 2422 1287 2481 fiiiit
1409 2450 1451 2483 15
1486 2451 1717 2490 isollicitudine

250 2509 305 2540 ubi
331 2506 410 2543 cod.
435 2512 467 2540 ut
492 2507 619 2553 Μῶμος
655 2506 790 2541 codicis
814 2505 962 2542 lectione
988 2517 1038 2542 ea:
1056 2512 1166 2552 parte
1190 2507 1424 2552 corriquntur
1447 2519 1541 2553 quae
1566 2507 1717 2554 Maduiq

94 2578 302 2624 dz'sputauic,
327 2577 393 2612 sed
417 2578 524 2612 tocius
548 2577 724 2612 enuntiate·
746 2578 920 2612 rationem
947 2583 1043 2612 recte
1060 2578 1257 2624 perspexit
1380 2580 1420 2613 115
1453 2571 1549 2613 τοῦ.

94 2638 138 2671 20
172 2638 250 2669 boni
277 2635 398 2671 Koch:
435 2648 517 2668 nune
552 2636 632 2674 cod.
658 2635 726 2671 sed
755 2647 820 2671 nec
853 2636 1022 2682 temporis
1054 2636 1268 2681 siqm'ficectio
1299 2637 1333 2672 in
1359 2637 1454 2672 hunc
1479 2638 1594 2672 locum
1621 2638 1717 2672 cadit

94 2700 127 2730 et
152 2706 262 2741 aeqre
288 2694 538 2730 desideramus
563 2695 662 2741 quod
685 2696 770 2730 uoci
792 2697 933 2738 pessima
958 2699 1164 2741 opponatur
1284 2696 1328 2730 22
1355 2698 1464 2729 animo
1491 2708 1569 2731 cum
1596 2696 1717 2731 codice

93 2752 265 2799 Maduz'q:
295 2755 421 2786 animos
439 2752 548 2799 uulqo
669 2755 712 2789 23
738 2756 832 2797 periit
850 2753 979 2800 uulqoz
1009 2756 1091 2797 perit
1210 2755 1254 2788 27
1280 2766 1393 2794 omnes
1414 2754 1540 2795 Gertz:
1569 2759 1718 2790 homines

213 2823 304 2853 casus
330 2811 546 2848 deteriores:
577 2824 683 2847 cassus
779 2812 824 2848 28
851 2814 941 2847 essed
968 2814 1003 2857 (d
1029 2823 1124 2850 corr.
1151 2813 1187 2849 in
1213 2814 1238 2863 t)

1738 837 1770 864 10

1741 1193 1770 1217 15

1738 1546 1771 1571 20

1738 1898 1771 1925 25
