2008 3221
275 188 361 227 224
562 181 664 209 DIAL.
685 181 722 208 X.
762 180 816 206 AD
839 179 1044 206 PAVLINVM
1066 178 1118 205 DE
1138 179 1363 205 BREVITATE
1382 178 1513 208 VITAE.
1545 181 1572 208 3.
1593 178 1620 206 4.

276 280 621 331 conputationem
653 283 837 317 aetatem
868 283 985 318 tuam
1018 290 1182 317 reuoca.
1246 277 1328 325 dic,
1360 282 1561 330 quantum
1595 290 1650 317 ex
1681 279 1763 318 isto
1795 283 1901 317 tem-

275 363 378 402 pore
410 349 611 396 creditor,
644 353 847 400 quantum
880 348 1030 396 amica,
1062 353 1265 400 quantum
1298 362 1385 396 rex,
1417 355 1620 400 quantum
1653 347 1777 389 cliens
1809 349 1901 389 abs-

276 419 429 467 tulerit,
454 424 663 471 quantum
696 418 743 457 lis
776 418 940 466 uxoria,
973 423 1176 470 quantum
1213 431 1428 457 seruorum
1462 419 1670 467 coercitio,
1702 424 1903 471 quantum

276 489 464 529 officiosa
495 503 570 541 per
602 488 749 528 urbem
783 488 1038 546 discursatio.
1082 488 1200 527 adice
1223 488 1407 537 morbos,
1440 502 1546 541 quos
1574 502 1699 529 manu
1721 488 1904 529 fecimus.

242 575 256 597 ε,
276 561 395 601 adice
435 560 551 613 quod
592 561 680 598 sine
722 573 796 598 usu
840 559 986 598 iacuit:
1033 558 1193 598 uidebis
1235 564 1278 598 te
1321 560 1536 611 pauciores
1577 573 1710 599 annos
1748 559 1905 599 habere

228 924 256 949 ¹0

227 1631 260 1655 ‘20

227 1983 260 2007 25

276 644 401 684 quam
445 643 650 670 numeras.
712 635 856 682 repete
899 629 1103 668 memoria
1145 635 1306 677 tecum,
1356 630 1525 682 quando
1569 637 1706 671 certus
1749 629 1903 670 consilii
1929 632 1949 667 3

276 701 412 749 fueris,
444 706 598 753 quotus
631 701 805 753 quisque
838 700 926 739 dies
959 705 1004 739 ut
1037 699 1322 739 destinaueras
1354 701 1592 749 recesserit,
1631 700 1799 753 quando
1831 700 1906 740 tibi

277 785 374 811 usus
406 771 464 811 tui
496 771 635 819 fuerit,
678 772 848 824 quando
881 770 920 809 in
952 776 1063 810 statu
1095 784 1171 810 suo
1205 769 1355 819 uoltus,
1388 771 1556 823 quando
1589 771 1752 811 animus
1783 771 1904 811 intre-

277 843 420 894 pidus,
463 842 562 895 quid
605 841 679 881 tibi
711 842 751 881 in
782 848 870 881 tam
912 840 1044 893 longo
1077 854 1182 880 aeuo
1215 840 1311 880 facti
1344 841 1481 893 operis
1513 842 1586 890 sit,
1627 854 1754 894 quam
1787 841 1906 882 multi

277 913 404 952 uitam
447 918 564 952 tuam
598 913 839 965 diripuerint
870 917 913 951 te
943 925 1027 951 non
1061 911 1277 959 sentiente,
1309 912 1410 963 quid
1441 912 1661 964 perderes,
1703 918 1904 965 quantum

278 996 408 1022 uanus
450 982 593 1031 dolor,
636 982 763 1022 stulta
804 982 983 1030 laetitia,
1026 982 1148 1021 auida
1190 981 1413 1034 cupiditas,
1454 981 1611 1022 blanda
1642 983 1905 1022 conuersatio

278 1052 513 1102 abstulerit,
556 1066 683 1106 quam
727 1054 927 1105 exiguum
971 1052 1044 1092 tibi
1089 1053 1142 1092 de
1179 1058 1252 1092 tuo
1285 1052 1473 1092 relictum
1506 1053 1580 1092 sit:
1617 1052 1832 1105 intelleges
1864 1058 1907 1092 te

278 1125 531 1171 inmaturum
581 1124 696 1164 mori.
769 1124 868 1176 quid
920 1136 1021 1175 ergo
1071 1129 1134 1162 est
1182 1123 1220 1161 in
1271 1126 1421 1163 causa?
1471 1129 1687 1176 tamquam
1739 1136 1907 1175 semper
1931 1123 1952 1157 4

281 1184 426 1235 uicturi
480 1195 622 1234 uiuitis.
686 1208 915 1246 numquam
969 1193 1089 1233 uobis
1131 1193 1328 1246 fragilitas
1371 1200 1510 1233 uestra
1551 1194 1760 1234 succurrit.
1823 1207 1907 1232 non

244 1280 257 1302 ε,
278 1266 530 1313 obseruatis,
574 1271 776 1317 quantum
819 1265 900 1304 iam
944 1264 1147 1317 temporis
1189 1265 1404 1304 transierit.
1469 1264 1581 1304 uelut
1620 1278 1674 1304 ex
1708 1263 1833 1317 pleno
1866 1270 1908 1304 et

278 1336 504 1375 abundanti
549 1336 791 1388 impenditis,
835 1349 928 1374 cum
973 1335 1135 1374 interim
1169 1334 1342 1374 fortasse
1374 1335 1440 1374 ille
1472 1336 1560 1388 ipse
1592 1335 1660 1388 qui
1693 1335 1810 1374 alicui
1842 1334 1908 1373 uel

278 1407 435 1446 homini
468 1406 533 1445 uel
565 1408 622 1445 rei
656 1407 836 1445 donatur
869 1406 956 1445 dies
989 1405 1156 1444 ultimus
1188 1407 1252 1444 sit.
1296 1406 1437 1445 onmia
1467 1412 1685 1458 tamquam
1709 1405 1908 1445 mortales

279 1478 454 1525 timetis,
498 1477 638 1516 onmia
680 1482 899 1529 tamquam
940 1476 1181 1515 inmortales
1214 1476 1512 1528 concupiscitis.
1575 1477 1719 1516 audies
1750 1475 1906 1529 pleros-
1937 1479 1956 1512 5

280 1562 361 1600 que
404 1549 614 1587 dicentes:
661 1561 685 1586 a
726 1547 1074 1599 quinquagesimo
1118 1560 1228 1586 anno
1270 1547 1309 1586 in
1352 1547 1483 1586 otium
1515 1547 1723 1588 secedam.
1785 1560 1907 1587 sexa-

283 1620 466 1670 gesimus
499 1632 567 1657 me
600 1631 730 1657 annus
763 1618 816 1657 ab
849 1617 993 1658 officiis
1026 1617 1220 1657 dimittet.
1283 1624 1325 1658 et
1357 1631 1482 1670 quem
1515 1618 1687 1658 tandem
1711 1617 1909 1670 longioris

281 1691 390 1729 uitae
429 1690 630 1742 praedem
664 1689 840 1742 accipis?
891 1689 981 1741 quis
1020 1690 1099 1728 ista
1130 1689 1234 1729 sicut
1268 1689 1453 1741 disponis
1485 1689 1542 1728 ire
1573 1689 1780 1741 patietur?
1824 1702 1907 1728 non

279 1762 412 1812 pudet
454 1766 497 1800 te
540 1760 729 1812 reliquias
762 1761 872 1800 uitae
904 1760 979 1799 tibi
1011 1774 1222 1800 reseruare
1255 1766 1296 1799 et
1328 1759 1368 1799 id
1401 1759 1537 1799 solum
1569 1765 1736 1812 tempus
1770 1760 1909 1799 bonae

280 1832 409 1871 menti
442 1831 660 1879 destinare,
693 1832 809 1883 quod
841 1832 880 1870 in
913 1830 1068 1870 nullam
1102 1844 1191 1870 rem
1224 1830 1400 1870 conferri
1429 1831 1587 1883 possit?
1620 1844 1746 1883 quam
1769 1843 1908 1869 serum

281 1908 345 1941 est
387 1908 486 1942 tunc
531 1903 668 1941 uiuere
711 1902 912 1954 incipere,
955 1915 1051 1941 cum
1084 1902 1359 1941 desinendum
1393 1903 1482 1941 est?
1525 1915 1632 1954 quae
1665 1907 1751 1941 tam
1784 1900 1911 1941 stulta

281 1972 547 2013 mortalitatis
596 1958 753 2012 obliuio
801 1973 839 2012 in
882 1973 1274 2025 quinquagesimum
1318 1978 1359 2011 et
1400 1973 1712 2024 sexagesimum
1755 1986 1908 2012 annum

282 2043 446 2083 differre
495 2057 595 2083 sana
639 2043 807 2083 consilia
856 2049 897 2082 et
939 2044 1035 2083 inde
1078 2043 1184 2083 uelle
1227 2044 1354 2082 uitam
1398 2042 1616 2092 inchoare,
1664 2057 1749 2095 quo
1791 2042 1909 2095 pauci

280 2115 569 2167 perduxerunt
582 2116 596 2153 ?

400 2185 471 2224 IV.
535 2186 839 2225 Potentissimis
882 2192 922 2224 et
965 2186 1003 2224 in
1047 2184 1176 2224 altum
1220 2184 1392 2224 sublatis
1435 2184 1671 2224 hominibus
1713 2184 1951 2224 exciderel

281 2269 408 2295 uoces
442 2256 620 2304 uidebiS,
665 2256 813 2308 quibus
846 2256 976 2295 otium
1010 2261 1180 2308 optent,
1223 2254 1416 2304 laudent,
1449 2255 1642 2295 omnibus
1674 2255 1795 2295 bonis
1827 2255 1909 2294 suis

284 2468 297 2500 1
329 2468 609 2509 computationem
754 2467 773 2500 ἵ)
800 2468 895 2499 adice
920 2468 1007 2509 quod
1033 2465 1215 2506 Muretus,
1243 2467 1338 2498 adice
1363 2471 1393 2498 et
1418 2467 1506 2508 quod
1532 2464 1675 2501 Haase:
1705 2467 1799 2498 adice
1823 2466 1911 2508 quod

283 2532 312 2558 et
339 2527 383 2568 (et
409 2525 666 2569 semicleletum)
702 2525 781 2560 cod.
809 2525 904 2560 Erat
927 2537 1006 2560 cum
1032 2525 1231 2560 conicerem
1266 2527 1353 2568 quod
1387 2527 1527 2557 otiosum
1559 2530 1589 2558 et
1623 2527 1691 2557 sine
1725 2537 1781 2557 usu
1815 2526 1911 2556 iacuit

283 2584 373 2619 conl.
404 2587 434 2625 7,
463 2589 480 2618 5
508 2586 588 2616 nihil
615 2586 690 2618 inde
717 2587 867 2617 incultum
895 2586 1098 2626 otiosumque
1124 2586 1221 2616 iacuit
1374 2590 1404 2616 te
1429 2586 1598 2626 pauciores
1625 2583 1844 2618 deteriores:
1881 2588 1911 2615 et

284 2680 452 2721 pauciores
597 2679 616 2712 ’ἲ
644 2652 738 2721 <sotus
870 2678 911 2712 10
944 2679 1162 2720 diripuerint*
1189 2676 1343 2722 (aliquid
1366 2687 1521 2720 erasum,
1544 2677 1708 2722 fortasse
1736 2678 1769 2721 7)

291 2762 327 2795 12
355 2736 622 2803 exigufitibidetuo
740 2762 779 2795 13
807 2773 862 2792 mo
874 2774 894 2792 {e
909 2762 934 2792 ri
953 2762 1051 2803 (aule
1069 2772 1082 2791 r
1100 2759 1240 2805 aliquid
1256 2761 1414 2803 erasum)
1530 2761 1572 2793 lli
1600 2763 1771 2803 inpenditis
1790 2760 1908 2796 Koch:

289 2843 386 2884 pditis
514 2843 550 2875 1³*
579 2844 778 2874 immortales
900 2843 1126 2884 concupiscitis
1153 2841 1280 2887 uulqo:
1310 2843 1554 2884 concupiscetis,
1677 2843 1721 2876 ‘20
1747 2828 1910 2874 abosficiiS

286 2904 467 2938 (csso-ema
494 2902 501 2932 i
530 2903 640 2941 corr.)
763 2900 803 2934 24
834 2902 1044 2933 desinendum
1073 2907 1128 2934 est.
1156 2902 1283 2946 (supra
1302 2923 1310 2933 .
1330 2899 1471 2945 aliquid
1494 2906 1652 2938 erasum)
