1977 3231
69 290 88 323 2

64 1563 83 1591 Η

602 116 706 143 DIAL.
728 117 762 141 V.
778 116 852 154 ‚DE
873 115 940 140 IRA
963 116 1032 142 Liss.
1054 115 1105 143 111.
1147 116 1186 142 13.
1212 116 1252 142 Η.
1680 119 1733 157 97

115 214 201 253 eius
222 213 449 253 obruamus
480 218 522 252 et
554 211 663 252 illam
697 219 897 264 quantum
931 212 1016 252 fieri
1047 218 1189 265 potest
1219 212 1424 252 occultam
1449 218 1736 263 secretamque

115 291 342 324 teneamus.
395 297 489 324 cum
522 297 675 335 magna
706 285 746 322 id
780 290 922 323 nostra
953 284 1144 324 molestia
1176 284 1256 324 fiet.
1310 285 1419 336 cupit
1453 284 1560 322 enim
1594 283 1736 323 exilire

115 361 157 395 et
188 355 407 395 incendere
448 355 592 394 oculos
634 363 675 394 et
719 361 879 394 mutare
922 354 1079 394 faciem.
1141 356 1215 394 sed
1247 355 1279 394 si
1318 355 1498 394 eminere
1530 353 1583 393 illi
1615 361 1735 393 extra

114 439 191 465 nos
231 425 362 473 licuit,
414 440 538 478 supra
580 440 656 465 nos
699 432 772 466 est.
847 426 886 465 in
928 426 1014 465 imo
1056 426 1236 478 pectoris
1277 439 1442 465 secessu
1485 426 1736 464 recondatur

114 497 369 549 feraturque,
422 511 506 536 non
549 497 661 536 ferat.
733 497 863 536 immo
906 497 944 535 in
987 497 1237 535 contrarium
1280 496 1421 535 omnia
1463 496 1548 535 eius
1590 496 1737 535 indicia

115 566 355 607 flectamus:
403 567 540 607 uoltus
572 568 816 614 remittatur,
850 581 935 606 uox
967 566 1097 606 lenior
1128 567 1191 614 sit,
1229 567 1383 618 gradus
1416 566 1572 606 lentior.
1635 580 1733 618 pau-

114 637 227 677 latim
261 652 355 677 cum
380 638 655 677 exterioribus
677 638 871 677 interiora
902 637 1140 677 formantur.
1190 638 1228 676 in
1251 636 1425 677 Socrate
1456 638 1540 676 irae
1571 638 1735 689 signum

113 716 201 748 erat
232 722 381 748 uocem
414 709 696 755 summittere,
739 708 850 760 loqui
881 709 1055 760 parcius.
1117 708 1348 760 apparebat
1386 714 1484 747 tunc
1515 707 1627 747 illum
1659 709 1735 747 sibi

58 800 61 802 v
112 786 290 832 opstare.
354 779 747 832 deprehendebatur
788 780 927 830 itaque
967 792 991 818 a
1032 778 1298 818 familiaribus
1340 785 1381 818 et
1420 779 1735 831 coarguebatur,

113 864 189 890 nec
221 856 309 890 erat
340 849 392 889 illi
436 850 708 902 exprobratio
749 849 945 889 latitantis
988 850 1069 889 irae
1114 850 1285 901 ingrata.
1348 851 1489 902 quidni
1522 851 1735 901 gauderet,

113 922 228 973 quod
271 921 371 960 iram
415 935 532 960 suam
576 921 693 960 multi
734 920 1044 972 intellegerent,
1096 934 1221 960 nemo
1263 922 1461 960 sentiret?
1514 922 1737 960 sensissent

112 998 276 1039 autem,
319 992 392 1030 nisi
424 992 483 1031 ius
516 992 657 1031 amicis
700 991 948 1042 obiurgandi
986 1005 1031 1030 se
1063 992 1269 1039 dedisset,
1310 992 1414 1031 sicut
1451 992 1538 1044 ipse
1580 992 1655 1031 sibi
1697 993 1736 1031 in

114 1063 270 1102 amicos
302 1069 546 1114 sumpserat.
600 1068 757 1114 quanto
792 1063 924 1113 magis
957 1062 1039 1101 hoc
1070 1062 1190 1101 nobis
1222 1061 1456 1101 faciendum
1480 1059 1574 1101 est?
1614 1076 1733 1114 roge-

113 1148 205 1173 mus
246 1134 540 1173 amicissimum
580 1147 810 1185 quemque,
854 1139 898 1172 ut
940 1139 1038 1172 tunc
1081 1133 1265 1172 maxime
1307 1133 1495 1173 libertate
1536 1134 1736 1172 aduersus

112 1219 187 1244 nos
219 1211 367 1252 utatur,
399 1217 489 1243 cum
523 1204 691 1243 minime
723 1203 833 1243 illam
866 1206 950 1256 pati
981 1205 1223 1256 poterimus,
1262 1217 1339 1243 nec
1369 1203 1623 1243 adsentiatur
1654 1205 1736 1243 irae
1773 1221 1788 1243 ε)

111 1282 288 1315 nostrae.
352 1281 497 1315 contra
529 1281 679 1327 potens
712 1274 868 1314 malum
903 1280 944 1313 et
976 1275 1088 1326 apud
1120 1288 1196 1313 nos
1229 1274 1471 1326 gratiosum,
1503 1276 1603 1314 dum
1638 1289 1734 1314 con-

110 1347 300 1399 sipimus,
344 1347 444 1385 dum
477 1346 607 1386 nostri
639 1359 802 1394 sumus,
846 1346 1112 1385 aduocemus.
1175 1346 1243 1397 qui
1282 1346 1421 1384 uinum
1462 1344 1570 1384 male
1603 1345 1737 1386 ferunt

111 1424 152 1457 et
184 1417 394 1457 ebrietatis
436 1430 535 1456 suae
577 1417 857 1456 temeritatem
891 1429 940 1456 ac
977 1416 1248 1469 petulantiam
1281 1422 1491 1463 metuunt,
1537 1417 1738 1456 mandant

110 1489 213 1536 suis,
256 1494 300 1528 ut
341 1502 363 1527 e
406 1488 597 1527 conuiuio
639 1487 884 1527 auferantur.
948 1488 1309 1540 intemperantiam
1352 1487 1392 1526 in
1434 1487 1585 1526 morbo
1617 1500 1734 1526 suam

110 1560 273 1611 experti
315 1572 459 1611 parere
500 1560 598 1611 ipsis
640 1559 679 1597 in
722 1559 897 1597 aduersa
941 1558 1177 1598 ualetudine
1216 1564 1371 1597 uetant.
1433 1559 1639 1610 optimum
1674 1563 1736 1596 est

109 1630 216 1669 notis
259 1630 364 1669 uitiis
407 1630 690 1681 inpedimenta
731 1629 969 1681 prospicere
1011 1635 1052 1668 et
1094 1634 1190 1668 ante
1229 1629 1369 1668 omnia
1400 1629 1456 1667 ita
1496 1642 1736 1680 conponere

108 1701 303 1748 animum,
337 1707 381 1740 ut
413 1701 536 1740 etiam
570 1701 821 1752 grauissimis
853 1700 977 1740 rebus
1009 1699 1238 1751 subitisque
1271 1713 1497 1739 concussus
1530 1700 1631 1739 iram
1664 1707 1736 1740 aut

108 1784 192 1809 non
223 1770 373 1809 sentiat
405 1777 476 1810 aut
509 1770 794 1821 magnitudine
825 1770 1061 1822 inopinatae
1099 1770 1265 1809 iniuriae
1305 1776 1499 1809 exortam
1533 1770 1572 1808 in
1604 1769 1733 1810 altum

108 1840 293 1881 retrahat
334 1855 410 1880 nec
453 1841 644 1880 dolorem
677 1854 796 1879 suum
830 1840 1084 1892 profiteatur.
1146 1841 1187 1880 id
1230 1840 1317 1879 fieri
1349 1854 1475 1893 posse
1506 1841 1735 1893 apparebit,

108 1913 140 1951 si
173 1926 304 1964 pauca
337 1925 389 1951 ex
423 1912 545 1951 turba
576 1912 732 1963 ingenti
765 1911 962 1964 exempla
983 1911 1210 1964 protulero,
1243 1924 1298 1950 ex
1331 1912 1480 1963 quibus
1513 1917 1735 1964 utrumque
1755 1928 1769 1950 2

109 1983 267 2022 discere
289 1982 394 2030 licet,
427 1990 627 2035 quantum
661 1982 755 2022 mali
779 1982 934 2022 habeat
965 1983 1033 2030 ira,
1066 1982 1136 2021 ubi
1158 1982 1375 2021 hominum
1398 1984 1734 2035 praepotentium

108 2060 319 2106 potestate
351 2060 442 2093 tota
474 2054 610 2102 utitur,
644 2060 845 2105 quantum
878 2053 953 2092 sibi
986 2054 1190 2105 imperare
1222 2054 1364 2105 possit,
1398 2053 1466 2092 ubi
1499 2060 1613 2093 metu
1646 2068 1733 2094 ma-

109 2125 196 2164 iore
228 2138 454 2176 conpressa
486 2132 560 2166 est.

225 2195 339 2234 XIV.
394 2195 636 2246 Cambysen
669 2208 812 2247 regem
845 2195 964 2234 nimis
997 2195 1184 2234 deditum
1218 2196 1314 2235 uino
1338 2196 1598 2248 Praexaspes
1631 2210 1733 2235 unus

107 2280 162 2306 ex
205 2267 421 2306 carissimis
463 2267 685 2314 monebat,
731 2272 773 2305 ut
815 2267 976 2319 parcius
1019 2265 1204 2313 biberet,
1252 2272 1417 2319 turpem
1460 2280 1551 2307 esse
1593 2268 1734 2307 dicens

208 2419 229 2453 4
248 2431 343 2461 supra
362 2431 420 2451 nos
439 2420 527 2451 licuit
547 2418 648 2461 (haec
666 2418 796 2453 lineola
815 2422 1028 2452 transuersa
1048 2418 1179 2460 deleta)
1198 2430 1294 2460 supra
1313 2430 1371 2450 nos
1389 2424 1435 2451 est
1542 2421 1734 2451 recondatur

109 2479 156 2521 (re
182 2478 218 2512 ln
244 2489 317 2514 ras,
345 2482 455 2512 eastra
481 2480 637 2520 uersum)
717 2490 721 2494 ·
761 2481 780 2509 ti
808 2479 910 2510 uultus
1037 2479 1152 2510 lentior
1177 2477 1304 2522 u'ulqo:
1335 2479 1437 2510 lenior
1557 2480 1576 2511 ἱ)
1603 2480 1733 2509 obstare

109 2538 144 2580 (b
171 2548 220 2572 eac
246 2550 266 2579 p
289 2536 442 2581 factum)
589 2539 857 2580 del-›hendebatur
883 2539 984 2580 (phen
1010 2538 1044 2570 in
1072 2547 1156 2577 ras„
1179 2536 1252 2580 fuit
1274 2536 1435 2580 fortasse
1461 2536 1733 2579 deprendebatur)

211 2598 246 2630 Γ.)
273 2598 333 2627 nisi
361 2598 405 2628 ius
431 2595 558 2641 uvclqo:
600 2598 659 2627 uisi
688 2598 736 2627 his
834 2608 868 2628 se
895 2597 1034 2628 dedisset
1062 2597 1108 2638 (se
1134 2597 1199 2628 ded
1226 2597 1258 2629 ῖή
1287 2598 1376 2638 ras.)
1478 2597 1517 2629 15»
1546 2598 1734 2627 assentiatur

107 2654 224 2700 (prior
249 2668 262 2687 s
289 2656 399 2697 corr.)
539 2656 575 2688 11⁴·
603 2661 715 2687 contra
742 2661 855 2698 potens
884 2654 981 2701 ij,¹
1011 2662 1184 2687 contrauos
1211 2661 1326 2697 potens
1447 2656 1535 2697 apud
1562 2656 1597 2696 (d
1623 2656 1732 2692 corr.)

233 2716 432 2756 consipimus
461 2713 681 2749 Gronouizcs:
712 2716 929 2757 conspicimus
1067 2714 1101 2747 17
1129 2713 1169 2755 Qi
1197 2714 1244 2755 (2⁴71
1273 2715 1359 2755 ras.)
1489 2718 1533 2748 2⁴)
1559 2716 1733 2746 ualitudine

110 2776 131 2816 (i
160 2776 268 2813 corr.)
414 2772 457 2806 23
485 2775 631 2805 sentiat*
793 2775 823 2804 iu
851 2774 949 2804 altum
979 2771 1158 2806 lllnrclus:
1198 2774 1329 2804 inalium
1468 2775 1512 2807 ’38
1547 2785 1732 2815 compressa

227 2832 271 2866 29
299 2835 495 2874 Praexaspes
523 2831 739 2866 Pincianus:
771 2834 1000 2874 thr-aexhaspc<

1760 867 1788 891 10

1756 1574 1788 1597 20

1754 2282 1786 2303 :w
