1977 3231
44 369 59 402 1

587 114 692 154 DlAL.
715 128 766 154 111.
802 128 854 153 DE
875 128 941 154 IRA
963 127 1035 154 Lus.
1057 127 1080 154 1.
1107 130 1151 154 20.
1172 128 1215 153 21.
1657 133 1708 170 55

86 225 193 265 hanc
235 225 319 265 eius
357 238 506 263 uocem
546 225 601 264 ad
642 225 871 264 incitandas
913 224 1222 263 coniuratorum
1276 230 1437 263 mentes
1487 224 1708 263 addidisse.

89 295 256 335 ultimae
288 294 397 334 enim
428 294 652 347 patientiae
674 295 806 333 uisum
839 300 901 333 est
934 308 1029 333 eum
1052 293 1168 342 ferre,
1201 295 1268 346 qui
1290 295 1434 334 Iouem
1468 307 1551 333 non
1573 294 1708 334 ferret.

206 365 319 405 XXI.
381 364 492 404 Nihil
535 378 637 416 ergo
681 365 720 403 in
763 365 843 412 ira,
875 378 927 403 ne
959 377 1053 403 cum
1086 365 1250 404 uidetur
1281 365 1450 416 quidem
1482 364 1711 404 uehemens

88 441 130 476 et
173 436 277 475 deos
317 434 591 487 hominesque
633 434 886 487 despiciens,
936 448 1157 486 magnum,
1195 434 1293 473 nihil
1334 435 1475 474 nobile
1507 441 1580 475 est.
1642 442 1713 474 aut

88 492 121 546 si
158 506 319 545 uidetur
370 504 486 544 alicui
539 518 739 556 magnum
792 504 976 544 animum
1028 505 1086 543 ira
1137 505 1379 557 producere,
1431 506 1618 545 uideatur
1670 512 1747 545 et5

88 576 270 616 luxuria:
318 575 447 615 ebore
496 574 684 614 sustineri
727 573 833 622 uult,
875 587 1056 627 purpura
1098 575 1257 623 uestiri,
1300 589 1399 615 auro
1441 577 1538 628 tegi,
1580 582 1711 616 terras

92 645 330 694 transferre,
376 646 505 685 maria
542 644 809 693 concludere,
862 644 1031 684 flumina
1071 646 1364 698 praecipitare,
1414 660 1587 686 nemora
1624 661 1709 687 sus-

41 726 61 759 2
87 716 278 769 pendere.
331 716 519 755 uideatur
551 721 593 755 et
624 716 793 755 auaritia
825 716 966 767 magni
997 716 1147 755 animi:
1184 717 1340 756 aceruis
1362 717 1447 756 auri
1468 718 1711 769 argentique

87 787 252 826 incubat
294 792 336 825 et
378 786 682 839 prouinciarum
731 785 967 825 nominibus
1011 799 1137 838 agros
1180 785 1277 826 colit
1320 792 1361 826 et
1412 787 1489 826 sub
1540 787 1710 839 singulis

87 856 224 896 uillicis
282 856 449 896 latiores
499 855 629 895 habet
681 856 784 896 fines
835 870 961 908 quam
1013 870 1119 908 quos
1171 856 1361 896 consules
1419 857 1708 898 sortiebantur.
1733 871 1762 895 10

39 938 58 972 3
85 927 272 966 uideatur
304 933 346 966 et
377 926 506 966 libido
539 927 680 978 magni
711 927 858 966 animi:
901 931 1133 966 transnatat
1166 926 1280 975 freta,
1313 941 1536 980 puerorum
1558 941 1711 980 greges

34 1212 51 1245 4¹

77 998 248 1045 castrat,
279 996 356 1036 sub
389 996 589 1048 gladium·
607 997 741 1036 mariti
764 998 875 1036 uenit
900 996 1035 1049 [uxor]
1061 1003 1198 1037 morte
1221 1004 1477 1050 contempta.
1521 999 1710 1038 uideatur

82 1073 124 1106 et
155 1066 328 1106 ambitio
371 1067 511 1119 magni
552 1067 699 1106 animi:
746 1080 831 1106 non
872 1072 936 1107 est
967 1073 1166 1107 contenta
1207 1067 1436 1107 honoribus
1468 1060 1631 1117 annuis,
1677 1070 1711 1109 si

81 1136 167 1176 fieri
198 1143 350 1190 potest,
382 1151 465 1176 uno
497 1138 665 1177 nomine
697 1151 906 1190 occupare
946 1137 1075 1177 fastus
1108 1137 1204 1186 uult,
1249 1152 1324 1191 per
1355 1151 1526 1178 omnem
1559 1139 1708 1180 orbem

80 1207 222 1247 titulos
255 1208 487 1260 disponere.
561 1208 700 1247 omnia
731 1208 810 1247 ista
850 1222 935 1248 non
978 1207 1102 1248 refert
1143 1209 1183 1247 in
1225 1214 1426 1261 quantum
1473 1211 1706 1262 procedant
1730 1223 1762 1247 ¹5

81 1279 396 1331 extendantque
438 1291 494 1317 se.
556 1284 734 1329 angusta
775 1284 891 1328 sunt,
934 1279 1102 1327 misera,
1135 1280 1356 1332 depressa:
1402 1279 1492 1320 sola
1522 1280 1709 1322 sublimis

80 1354 122 1388 et
154 1349 322 1389 excelsa
353 1349 480 1389 uirtus
512 1354 586 1398 est,
619 1363 696 1389 nec
733 1350 955 1403 quicquam
999 1363 1197 1402 magnum
1237 1355 1300 1389 est
1332 1351 1407 1390 nisi
1438 1351 1552 1402 quod
1584 1352 1707 1392 simul

78 1418 298 1471 placidum.

79 1582 98 1614 ti
125 1578 224 1613 terraS
252 1582 280 1625 (s
298 1593 342 1617 m.
357 1593 417 1627 pr.
438 1584 635 1627 superscr.)
736 1583 776 1616 11
796 1584 942 1615 uideatur
962 1585 992 1625 (u
1009 1594 1066 1628 pr.
1086 1583 1118 1616 in
1139 1584 1229 1624 νας.)
1332 1584 1372 1617 12
1400 1585 1484 1615 uenit
1516 1575 1620 1617 thorte
1643 1585 1710 1620 scd

79 1663 113 1696 in
140 1674 255 1708 mccry.
284 1668 320 1697 ut
347 1663 418 1699 uid.
447 1676 490 1699 m.
518 1675 588 1699 rec.
622 1656 719 1704 uxor,
751 1676 859 1709 quam
885 1676 1007 1700 uocem
1035 1664 1153 1699 adletae
1185 1664 1370 1710 uulqatam
1405 1665 1595 1700 delendam
1629 1677 1707 1701 esse

80 1716 169 1755 ecidit
197 1721 302 1756 Gertz
453 1723 491 1756 14
519 1724 617 1755 fastus
643 1725 671 1765 (s
698 1729 793 1758 eaelr.
819 1724 853 1757 2'72
880 1724 969 1766 raS.)
