2008 3221
233 127 257 163 6
514 119 616 146 DIAL.
642 119 664 146 I.
692 118 825 150 QVARE
851 117 997 149 ALIQVA
1025 115 1274 142 INCOMMODA
1299 117 1417 143 130le
1445 117 1550 144 VIRls

232 226 273 259 et
316 217 588 257 rectissimum
631 214 889 269 adgreditur,
941 214 1140 253 aduersus
1181 227 1307 265 quem
1360 214 1443 254 uim
1491 228 1609 255 suam
1657 215 1858 256 intendat.

232 290 370 340 ignem
413 287 624 339 experitur
665 286 703 324 in
750 285 910 332 Mucio,
951 290 1242 337 paupertatem
1285 285 1324 324 in
1362 285 1574 335 Fabricio,
1618 286 1786 326 exilium
1819 287 1858 325 in

234 358 407 405 Rutilio,
451 362 660 396 tormenta
709 357 746 394 in
790 355 973 407 Regulo,
1026 368 1232 395 uenenum
1276 355 1315 394 in
1357 354 1552 405 Socrate,
1596 363 1776 396 mortem
1820 357 1859 396 in

235 430 405 469 Catone.
456 441 653 479 magnum
688 425 930 478 exemplum
965 426 1037 465 nisi
1071 425 1180 464 mala
1211 425 1375 466 fortuna
1406 441 1491 466 non
1512 428 1676 467 inuenit.
1720 426 1860 483 infelix
1887 429 1906 458 Γ»

198 514 212 535 5
233 507 295 539 est
324 499 495 545 Mucius,
527 499 641 550 quod
676 498 828 536 dextra
860 497 976 548 ignes
1008 496 1192 535 hostium
1224 497 1375 549 premit
1407 503 1448 537 et
1479 498 1567 550 ipse
1599 512 1623 537 a
1654 512 1698 538 se
1730 498 1861 550 exigit

234 570 380 609 erroris
413 569 472 607 sui
504 570 688 621 poenas?
753 568 869 619 quod
901 579 1057 618 regem,
1089 581 1215 619 quem
1249 573 1409 607 armata
1441 582 1565 607 manu
1599 582 1683 608 non
1714 570 1860 621 potuit,

234 646 383 680 exusta
415 639 557 691 fugat?
602 639 702 690 quid
734 640 864 690 ergo?
917 637 1071 677 felicior
1104 644 1224 686 esset,
1256 639 1288 677 si
1320 639 1359 677 in
1391 639 1480 677 sinu
1512 639 1670 679 amicae
1701 639 1862 680 foueret

235 713 426 750 manum?
475 709 614 749 infelix
639 715 701 748 est
724 709 948 756 Fabricius,
981 709 1097 760 quod
1125 722 1192 748 rus
1214 723 1347 756 suum,
1379 715 1581 761 quantum
1605 724 1629 749 a
1651 710 1862 762 republica
1890 713 1908 741 (ἱ

235 782 419 829 uacauit,
452 781 582 820 fodit?
646 780 760 832 quod
792 779 949 818 bellum
981 785 1070 818 tam
1103 792 1197 819 cum
1230 779 1393 831 Pyrrho
1426 794 1552 832 quam
1587 794 1681 819 cum
1715 781 1863 820 diuitiis

186 864 214 888 ιιι
235 853 368 904 gerit?
429 853 543 903 quod
576 852 629 890 ad
662 850 801 890 focum
836 855 956 889 cenat
988 849 1074 889 illas
1106 850 1216 903 ipsas
1248 851 1407 890 radices
1431 858 1472 891 et
1494 850 1657 900 herbas,
1690 864 1793 903 quas
1825 852 1863 901 in

236 924 499 975 repurgando
548 935 650 973 agro
695 920 953 973 triumphalis
995 934 1126 960 senex
1170 921 1319 961 uulsit?
1380 922 1480 974 quid
1522 925 1651 974 ergo?
1709 921 1864 962 felicior

235 1000 359 1041 esset,
402 993 434 1032 si
477 993 514 1031 in
559 998 748 1032 uentrem
791 1005 911 1031 suum
954 992 1169 1044 longinqui
1217 992 1346 1032 litoris
1387 993 1520 1045 pisces
1563 999 1604 1033 et
1645 994 1864 1046 peregrina

234 1065 407 1116 aucupia
439 1065 707 1115 congereret?
752 1063 783 1102 si
816 1062 1044 1114 conchyliis
1066 1063 1203 1115 superi
1225 1068 1351 1115 atque
1373 1062 1487 1103 inferi
1510 1064 1633 1103 maris
1655 1064 1862 1116 pigritiam

234 1135 438 1175 stomachi
481 1135 704 1174 nausiantis
746 1134 952 1186 erigeret?
1016 1134 1047 1173 si
1080 1134 1234 1186 ingenti
1276 1147 1502 1187 pomorum
1535 1141 1647 1174 strue
1680 1135 1865 1187 cingeret

187 1203 392 1258 1:‚'primae
434 1205 594 1245 formae
627 1204 753 1252 feras,
797 1210 941 1257 captas
980 1203 1110 1244 multa
1141 1205 1271 1244 caede
1303 1206 1567 1244 uenantium?
1631 1204 1771 1244 infelix
1804 1212 1866 1245 est
1896 1206 1907 1239 ἶ

236 1276 431 1324 Rutilius,
484 1277 600 1328 quod
643 1276 712 1328 qui
759 1274 874 1315 illum
923 1275 1227 1315 damnauerunt
1281 1289 1447 1315 causam
1491 1277 1629 1316 dicent
1672 1275 1866 1315 omnibus

235 1348 432 1387 saeculis?
492 1348 606 1399 quod
649 1347 844 1399 aequiore
888 1347 1028 1386 animo
1070 1360 1217 1399 passus
1249 1352 1312 1386 est
1343 1360 1388 1386 se
1420 1347 1578 1399 patriae
1610 1347 1710 1400 eripi
1740 1360 1866 1397 quam

236 1419 311 1457 sibi
364 1418 558 1457 exilium?
634 1418 749 1470 quod
802 1416 944 1458 Sullae
995 1418 1185 1457 dictatori
1233 1416 1347 1457 solus
1399 1417 1552 1470 aliquid
1605 1417 1773 1469 negauit
1826 1423 1868 1457 et

237 1495 455 1535 reuocatus
497 1495 659 1528 tantum
693 1502 777 1528 non
809 1494 921 1528 retro
954 1489 1076 1528 cessit
1108 1494 1150 1528 et
1182 1489 1345 1540 longius
1377 1487 1508 1540 fugit?
1572 1487 1765 1536 uiderint,
1808 1488 1866 1527 in-

183 1578 216 1601 ·20
236 1560 336 1613 quit,
368 1561 429 1599 isti
462 1573 568 1611 quos
591 1560 755 1599 Romae
789 1559 1065 1612 deprehendit
1097 1559 1267 1599 felicitas
1299 1565 1380 1599 tua.
1434 1560 1602 1599 uideant
1634 1558 1796 1611 largum
1829 1559 1869 1598 in

236 1631 328 1671 foro
361 1632 602 1682 sanguinem
637 1637 679 1670 et
710 1644 835 1683 supra
857 1629 1131 1671 Seruilianum
1164 1629 1300 1670 lacum
1335 1629 1390 1679 (id
1424 1631 1533 1670 enirn
1556 1629 1868 1683 proscriptionis

238 1701 429 1741 Sullanae
472 1701 710 1753 spoliarium
750 1706 827 1749 est)
860 1707 1102 1741 senatorum
1143 1702 1279 1754 capita
1311 1707 1352 1741 et
1384 1701 1538 1754 passim
1572 1701 1763 1753 uagantis
1795 1714 1869 1753 per

238 1773 384 1811 urbem
432 1786 724 1825 percussorum
767 1786 918 1824 greges
972 1779 1012 1812 et
1058 1771 1188 1811 multa
1230 1772 1339 1811 milia
1382 1773 1531 1811 ciuium
1575 1772 1868 1811 Romanorum

240 1857 320 1882 uno
359 1842 453 1883 loco
496 1849 592 1895 post
635 1843 782 1891 fidem,
825 1844 955 1882 immo
988 1857 1062 1895 per
1094 1840 1228 1895 ipsam
1262 1843 1389 1882 fidem
1422 1843 1639 1882 trucidata.
1702 1843 1871 1882 uideant

185 1932 217 1956 25,
239 1914 315 1953 ista
357 1914 424 1966 qui
468 1914 637 1953 exulare
683 1927 769 1953 non
811 1920 999 1967 possunt.
1077 1913 1175 1965 quid
1218 1916 1346 1965 ergo?
1409 1913 1507 1953 felix
1558 1919 1622 1953 est
1663 1913 1711 1953 L.
1744 1912 1870 1962 Sulla,
1897 1928 1918 1955 s

238 1986 352 2037 quod
396 1984 447 2023 illi
491 1985 759 2025 descendenti
801 1986 855 2024 ad
887 1984 1022 2024 forum
1055 1984 1197 2037 gladio
1230 1990 1536 2032 summouetur,
1582 1985 1697 2036 quod
1732 1985 1870 2037 capita

239 2056 314 2095 sibi
356 2055 633 2095 consularium
677 2057 859 2095 uirorum
901 2056 1056 2108 patitur
1098 2056 1263 2095 ostendi
1307 2061 1348 2095 et
1391 2056 1567 2108 pretium
1614 2055 1753 2094 caedis
1795 2068 1869 2107 per

240 2133 505 2178 quaestorem
539 2140 587 2165 ac
618 2126 782 2166 tabulas
814 2126 1000 2179 publicas
1032 2128 1246 2165 numerat?
1286 2132 1327 2166 et
1359 2126 1462 2165 haec
1494 2126 1635 2165 omnia
1667 2124 1763 2165 facit
1791 2124 1867 2174 ille,

249 2302 254 2334 l
289 2302 475 2343 aggreditur
587 2304 606 2333 .·;
636 2303 818 2334 incalonem
933 2303 952 2332 ἵ)
980 2304 1097 2345 premit
1211 2304 1230 2333 (ἱ
1258 2314 1357 2344 penas
1470 2304 1489 2333 ⁴.)
1516 2302 1603 2344 quod
1629 2302 1748 2333 bellum
1776 2312 1818 2335 m.
1847 2302 1865 2334 2

241 2372 275 2405 ln
303 2372 464 2416 unanime
553 2374 673 2414 phyrro
773 2374 810 2406 w
836 2360 874 2405 ad
897 2374 1005 2406 focum
1033 2375 1127 2419 (post
1147 2386 1164 2405 a
1184 2384 1270 2414 ras„
1301 2372 1444 2407 uidetur
1466 2372 1583 2416 fuisse
1602 2372 1757 2413 asfocum)

251 2455 285 2487 153
314 2456 448 2495 aucupia
476 2453 511 2487 in
537 2465 650 2499 mar-(s.
679 2466 753 2500 rel).
782 2466 824 2490 m.
847 2458 864 2487 3
955 2457 1123 2497 conchylis⁴
1222 2455 1253 2488 ll
1283 2439 1435 2497 cingeret¹
1534 2455 1564 2488 ΙῙ
1594 2454 1687 2495 seclis
1784 2441 1870 2495 quod

347 2513 382 2545 1⁸
402 2514 478 2554 sylle
570 2514 604 2546 ΙΝ
625 2520 792 2546 reuocatus
814 2519 936 2547 tantum
954 2527 1019 2547 non
1038 2520 1122 2547 retro
1141 2516 1233 2547 cessit
1252 2520 1280 2546 ct
1301 2515 1426 2555 longius⁴
1446 2515 1524 2555 sugit
1545 2512 1673 2547 Gertz:
1704 2517 1871 2545 reuocatus·

245 2571 363 2616 ”tantu
399 2589 418 2616 n
448 2588 531 2616 retro
563 2585 656 2616 cessit
681 2580 725 2617 Sct
752 2586 878 2627 longius
904 2587 994 2628 sugit,
1020 2585 1071 2620 ita
1096 2590 1133 2619 ut
1152 2585 1275 2630 prima
1302 2594 1428 2618 manus
1454 2583 1590 2618 codicis
1614 2583 1730 2629 ipsam
1757 2582 1871 2628 scrip·

245 2659 361 2687 mrum
388 2665 493 2699 quam
517 2653 622 2688 Carl:
651 2655 763 2689 uoluit
789 2655 959 2690 exhibeat
1058 2659 1101 2690 ¹2⁴>
1129 2667 1217 2688 rome
1307 2657 1350 2689 53·ss
1378 2660 1407 2686 et
1434 2656 1541 2696 capita
1559 2653 1626 2688 Sed
1650 2659 1678 2687 et
1706 2654 1774 2689 del.

350 2721 374 2737 ει
1480 2719 1499 2737 ιι
1529 2738 1534 2743 ,

246 2748 284 2781 'Ji
318 2749 441 2779 trudam
464 2750 505 2781 (ci
527 2761 569 2780 m.
587 2760 657 2793 pta,
686 2754 721 2781 nl
750 2749 904 2784 θαλείην)
1005 2751 1047 2784 ’33
1076 2751 1164 2791 Sylla
1256 2752 1299 2783 2²13
1319 2750 1499 2782 ‹les-cendeu
1519 2750 1536 2789 «fl
1558 2750 1598 2780 ad
1682 2750 1722 2782 ’Ῐῖ
1745 2749 1870 2781 ostendi

884 2814 891 2832 t

246 2850 273 2873 et
301 2849 327 2874 ct
358 2842 480 2887 (strias
506 2850 533 2873 el
561 2842 645 2879 dcl.)
744 2846 787 2876 'lo'
815 2844 909 2876 faciet
