<?xml version="1.0" encoding="UTF-8"?>
<!DOCTYPE html PUBLIC "-//W3C//DTD XHTML 1.0 Transitional//EN"
    "http://www.w3.org/TR/xhtml1/DTD/xhtml1-transitional.dtd">
<html xmlns="http://www.w3.org/1999/xhtml" xml:lang="en" lang="en">
 <head>
  <title>
</title>
<meta http-equiv="Content-Type" content="text/html;charset=utf-8" />
  <meta name='ocr-system' content='tesseract 3.04.00' />
  <meta name='ocr-capabilities' content='ocr_page ocr_carea ocr_par ocr_line ocrx_word'/>
</head>
<body>
  <div class='ocr_page' id='page_1' title='image "./dialogorumlibrid00seneuoft_0270.png"; bbox 0 0 2008 3221; ppageno 0'>
   <div class='ocr_carea' id='block_1_1' title="bbox 212 89 1574 134">
    <p class='ocr_par' dir='ltr' id='par_1_1' title="bbox 212 89 1574 134">
     <span class='ocr_line' id='line_1_1' title="bbox 212 89 1574 134; baseline 0.001 -19"><span class='ocrx_word' id='word_1_1' title='bbox 212 94 296 134; x_wconf 74' lang='lat'>232</span> <span class='ocrx_word' id='word_1_2' title='bbox 478 90 581 117; x_wconf 80' lang='lat' dir='ltr'>DIAL.</span> <span class='ocrx_word' id='word_1_3' title='bbox 596 90 634 117; x_wconf 87' lang='lat' dir='ltr'>X.</span> <span class='ocrx_word' id='word_1_4' title='bbox 674 90 727 115; x_wconf 90' lang='lat' dir='ltr'>AD</span> <span class='ocrx_word' id='word_1_5' title='bbox 748 89 955 114; x_wconf 77' lang='lat' dir='ltr'>PAVLINVM</span> <span class='ocrx_word' id='word_1_6' title='bbox 977 89 1030 114; x_wconf 90' lang='lat' dir='ltr'>DE</span> <span class='ocrx_word' id='word_1_7' title='bbox 1050 89 1275 115; x_wconf 86' lang='lat' dir='ltr'><strong>BREVITATE</strong></span> <span class='ocrx_word' id='word_1_8' title='bbox 1296 90 1424 117; x_wconf 87' lang='lat' dir='ltr'>VITAE.</span> <span class='ocrx_word' id='word_1_9' title='bbox 1466 92 1506 117; x_wconf 94' lang='lat'>10.</span> <span class='ocrx_word' id='word_1_10' title='bbox 1534 91 1574 118; x_wconf 83' lang='grc'>11.</span> 
     </span>
    </p>
   </div>
   <div class='ocr_carea' id='block_1_2' title="bbox 162 186 1843 1158">
    <p class='ocr_par' dir='ltr' id='par_1_2' title="bbox 162 186 1843 1158">
     <span class='ocr_line' id='line_1_2' title="bbox 212 186 1837 239; baseline -0.001 -12"><span class='ocrx_word' id='word_1_11' title='bbox 212 195 254 227; x_wconf 90' lang='lat' dir='ltr'>et</span> <span class='ocrx_word' id='word_1_12' title='bbox 286 188 318 226; x_wconf 91' lang='lat' dir='ltr'>si</span> <span class='ocrx_word' id='word_1_13' title='bbox 351 193 482 233; x_wconf 88' lang='lat' dir='ltr'>uacet,</span> <span class='ocrx_word' id='word_1_14' title='bbox 515 186 735 225; x_wconf 88' lang='lat' dir='ltr'>iniucunda</span> <span class='ocrx_word' id='word_1_15' title='bbox 768 192 831 224; x_wconf 88' lang='lat' dir='ltr'>est</span> <span class='ocrx_word' id='word_1_16' title='bbox 863 186 1140 237; x_wconf 87' lang='lat' dir='ltr'>paenitendae</span> <span class='ocrx_word' id='word_1_17' title='bbox 1172 187 1228 224; x_wconf 89' lang='lat' dir='ltr'>rei</span> <span class='ocrx_word' id='word_1_18' title='bbox 1258 186 1503 225; x_wconf 80' lang='lat' dir='ltr'>recordatio.</span> <span class='ocrx_word' id='word_1_19' title='bbox 1566 187 1676 225; x_wconf 88' lang='lat' dir='ltr'>inuiti</span> <span class='ocrx_word' id='word_1_20' title='bbox 1700 186 1837 239; x_wconf 86' lang='lat' dir='ltr'>itaque</span> 
     </span>
     <span class='ocr_line' id='line_1_3' title="bbox 211 255 1837 309; baseline -0.001 -12"><span class='ocrx_word' id='word_1_21' title='bbox 211 259 264 297; x_wconf 94' lang='lat' dir='ltr'>ad</span> <span class='ocrx_word' id='word_1_22' title='bbox 287 265 481 309; x_wconf 90' lang='lat' dir='ltr'>tempora</span> <span class='ocrx_word' id='word_1_23' title='bbox 504 255 612 295; x_wconf 89' lang='lat' dir='ltr'>male</span> <span class='ocrx_word' id='word_1_24' title='bbox 634 262 785 295; x_wconf 80' lang='lat' dir='ltr'>exacta</span> <span class='ocrx_word' id='word_1_25' title='bbox 805 256 987 295; x_wconf 86' lang='lat' dir='ltr'>animum</span> <span class='ocrx_word' id='word_1_26' title='bbox 1013 262 1211 296; x_wconf 89' lang='lat' dir='ltr'>reuocant</span> <span class='ocrx_word' id='word_1_27' title='bbox 1234 270 1310 295; x_wconf 89' lang='lat' dir='ltr'>nec</span> <span class='ocrx_word' id='word_1_28' title='bbox 1332 257 1487 296; x_wconf 89' lang='lat' dir='ltr'>audent</span> <span class='ocrx_word' id='word_1_29' title='bbox 1506 270 1555 296; x_wconf 90' lang='lat' dir='ltr'>ea</span> <span class='ocrx_word' id='word_1_30' title='bbox 1574 263 1837 309; x_wconf 78' lang='lat' dir='ltr'><strong>retemptare,</strong></span> 
     </span>
     <span class='ocr_line' id='line_1_4' title="bbox 211 326 1837 381; baseline -0.001 -14"><span class='ocrx_word' id='word_1_31' title='bbox 211 341 387 381; x_wconf 90' lang='lat' dir='ltr'>quorum</span> <span class='ocrx_word' id='word_1_32' title='bbox 432 327 549 374; x_wconf 87' lang='lat' dir='ltr'>uitia,</span> <span class='ocrx_word' id='word_1_33' title='bbox 599 326 724 365; x_wconf 87' lang='lat' dir='ltr'>etiam</span> <span class='ocrx_word' id='word_1_34' title='bbox 767 340 873 378; x_wconf 88' lang='lat' dir='ltr'>quae</span> <span class='ocrx_word' id='word_1_35' title='bbox 915 326 1053 378; x_wconf 81' lang='lat' dir='ltr'>aliquo</span> <span class='ocrx_word' id='word_1_36' title='bbox 1095 327 1324 378; x_wconf 75' lang='lat' dir='ltr'>praesentis</span> <span class='ocrx_word' id='word_1_37' title='bbox 1369 326 1591 379; x_wconf 84' lang='lat' dir='ltr'>uoluptatis</span> <span class='ocrx_word' id='word_1_38' title='bbox 1633 327 1837 367; x_wconf 88' lang='lat' dir='ltr'>lenocinio</span> 
     </span>
     <span class='ocr_line' id='line_1_5' title="bbox 211 398 1840 450; baseline 0 -13"><span class='ocrx_word' id='word_1_39' title='bbox 211 398 515 450; x_wconf 74' lang='lat' dir='ltr'>subrepebant,</span> <span class='ocrx_word' id='word_1_40' title='bbox 559 398 827 437; x_wconf 88' lang='lat' dir='ltr'>retractando</span> <span class='ocrx_word' id='word_1_41' title='bbox 860 403 1092 449; x_wconf 87' lang='lat' dir='ltr'>patescunt.</span> <span class='ocrx_word' id='word_1_42' title='bbox 1155 411 1302 445; x_wconf 90' lang='lat' dir='ltr'>nemo,</span> <span class='ocrx_word' id='word_1_43' title='bbox 1337 398 1410 437; x_wconf 88' lang='lat' dir='ltr'>nisi</span> <span class='ocrx_word' id='word_1_44' title='bbox 1442 398 1540 449; x_wconf 91' lang='lat' dir='ltr'>quoi</span> <span class='ocrx_word' id='word_1_45' title='bbox 1573 399 1715 437; x_wconf 82' lang='lat' dir='ltr'>onmia</span> <span class='ocrx_word' id='word_1_46' title='bbox 1746 404 1840 437; x_wconf 90' lang='lat' dir='ltr'>acta</span> 
     </span>
     <span class='ocr_line' id='line_1_6' title="bbox 176 467 1837 521; baseline 0.001 -14"><span class='ocrx_word' id='word_1_47' title='bbox 176 482 190 503; x_wconf 76' lang='grc' dir='ltr'>-ἰ</span> <span class='ocrx_word' id='word_1_48' title='bbox 211 474 304 507; x_wconf 87' lang='lat' dir='ltr'>sunt</span> <span class='ocrx_word' id='word_1_49' title='bbox 336 467 414 506; x_wconf 87' lang='lat' dir='ltr'>sub</span> <span class='ocrx_word' id='word_1_50' title='bbox 448 481 621 507; x_wconf 79' lang='lat' dir='ltr'><strong>censura</strong></span> <span class='ocrx_word' id='word_1_51' title='bbox 651 482 735 515; x_wconf 87' lang='lat' dir='ltr'>sua,</span> <span class='ocrx_word' id='word_1_52' title='bbox 768 482 875 521; x_wconf 89' lang='lat' dir='ltr'>quae</span> <span class='ocrx_word' id='word_1_53' title='bbox 908 482 1136 521; x_wconf 81' lang='lat' dir='ltr'>numquam</span> <span class='ocrx_word' id='word_1_54' title='bbox 1170 467 1331 516; x_wconf 82' lang='lat' dir='ltr'>fallitur,</span> <span class='ocrx_word' id='word_1_55' title='bbox 1365 468 1542 509; x_wconf 74' lang='lat' dir='ltr'>libenter</span> <span class='ocrx_word' id='word_1_56' title='bbox 1574 482 1618 508; x_wconf 93' lang='lat' dir='ltr'>se</span> <span class='ocrx_word' id='word_1_57' title='bbox 1650 469 1688 508; x_wconf 89' lang='lat' dir='ltr'>in</span> <span class='ocrx_word' id='word_1_58' title='bbox 1720 482 1837 521; x_wconf 87' lang='lat' dir='ltr'>prae—</span> 
     </span>
     <span class='ocr_line' id='line_1_7' title="bbox 211 538 1840 592; baseline 0 -15"><span class='ocrx_word' id='word_1_59' title='bbox 211 539 377 578; x_wconf 90' lang='lat' dir='ltr'>teritum</span> <span class='ocrx_word' id='word_1_60' title='bbox 428 544 654 590; x_wconf 80' lang='lat' dir='ltr'>retorquet.</span> <span class='ocrx_word' id='word_1_61' title='bbox 726 538 790 577; x_wconf 91' lang='lat' dir='ltr'>ille</span> <span class='ocrx_word' id='word_1_62' title='bbox 833 541 901 591; x_wconf 91' lang='lat' dir='ltr'>qui</span> <span class='ocrx_word' id='word_1_63' title='bbox 946 539 1077 578; x_wconf 89' lang='lat' dir='ltr'>multa</span> <span class='ocrx_word' id='word_1_64' title='bbox 1118 539 1341 579; x_wconf 80' lang='lat' dir='ltr'>ambitiose</span> <span class='ocrx_word' id='word_1_65' title='bbox 1385 541 1612 592; x_wconf 84' lang='lat' dir='ltr'>concupiit,</span> <span class='ocrx_word' id='word_1_66' title='bbox 1661 539 1840 592; x_wconf 89' lang='lat' dir='ltr'>superbe</span> 
     </span>
     <span class='ocr_line' id='line_1_8' title="bbox 211 609 1841 662; baseline 0.001 -14"><span class='ocrx_word' id='word_1_67' title='bbox 211 610 476 661; x_wconf 78' lang='lat' dir='ltr'>contempsit,</span> <span class='ocrx_word' id='word_1_68' title='bbox 510 609 746 661; x_wconf 86' lang='lat' dir='ltr'>inpotenter</span> <span class='ocrx_word' id='word_1_69' title='bbox 776 609 882 657; x_wconf 90' lang='lat' dir='ltr'>uicit,</span> <span class='ocrx_word' id='word_1_70' title='bbox 914 609 1107 650; x_wconf 81' lang='lat' dir='ltr'>insidiose</span> <span class='ocrx_word' id='word_1_71' title='bbox 1130 611 1307 662; x_wconf 84' lang='lat' dir='ltr'>decepit,</span> <span class='ocrx_word' id='word_1_72' title='bbox 1340 624 1463 649; x_wconf 88' lang='lat' dir='ltr'>auare</span> <span class='ocrx_word' id='word_1_73' title='bbox 1486 612 1629 662; x_wconf 84' lang='lat' dir='ltr'>rapuit,</span> <span class='ocrx_word' id='word_1_74' title='bbox 1663 610 1841 662; x_wconf 85' lang='lat' dir='ltr'>prodige</span> 
     </span>
     <span class='ocr_line' id='line_1_9' title="bbox 211 679 1841 733; baseline 0.001 -14"><span class='ocrx_word' id='word_1_75' title='bbox 211 679 375 726; x_wconf 84' lang='lat' dir='ltr'>effudit,</span> <span class='ocrx_word' id='word_1_76' title='bbox 420 693 590 718; x_wconf 89' lang='lat' dir='ltr'>necesse</span> <span class='ocrx_word' id='word_1_77' title='bbox 623 686 686 719; x_wconf 85' lang='lat' dir='ltr'>est</span> <span class='ocrx_word' id='word_1_78' title='bbox 720 682 966 720; x_wconf 79' lang='lat' dir='ltr'>memoriam</span> <span class='ocrx_word' id='word_1_79' title='bbox 999 695 1118 720; x_wconf 86' lang='lat' dir='ltr'>suam</span> <span class='ocrx_word' id='word_1_80' title='bbox 1150 681 1322 721; x_wconf 88' lang='lat' dir='ltr'>timeat:</span> <span class='ocrx_word' id='word_1_81' title='bbox 1369 682 1482 733; x_wconf 86' lang='lat' dir='ltr'>atqui</span> <span class='ocrx_word' id='word_1_82' title='bbox 1514 680 1619 720; x_wconf 89' lang='lat' dir='ltr'>haec</span> <span class='ocrx_word' id='word_1_83' title='bbox 1651 687 1714 720; x_wconf 90' lang='lat' dir='ltr'>est</span> <span class='ocrx_word' id='word_1_84' title='bbox 1745 694 1841 733; x_wconf 87' lang='lat' dir='ltr'>pars</span> 
     </span>
     <span class='ocr_line' id='line_1_10' title="bbox 211 751 1838 804; baseline 0.001 -15"><span class='ocrx_word' id='word_1_85' title='bbox 211 752 413 803; x_wconf 85' lang='lat' dir='ltr'>temporis</span> <span class='ocrx_word' id='word_1_86' title='bbox 457 752 586 789; x_wconf 83' lang='lat' dir='ltr'>nostri</span> <span class='ocrx_word' id='word_1_87' title='bbox 628 764 746 790; x_wconf 87' lang='lat' dir='ltr'>sacra</span> <span class='ocrx_word' id='word_1_88' title='bbox 788 765 837 790; x_wconf 88' lang='lat' dir='ltr'>ac</span> <span class='ocrx_word' id='word_1_89' title='bbox 880 752 1093 799; x_wconf 84' lang='lat' dir='ltr'>dedicata,</span> <span class='ocrx_word' id='word_1_90' title='bbox 1138 752 1276 791; x_wconf 91' lang='lat' dir='ltr'>omnis</span> <span class='ocrx_word' id='word_1_91' title='bbox 1308 751 1515 791; x_wconf 88' lang='lat' dir='ltr'>humanos</span> <span class='ocrx_word' id='word_1_92' title='bbox 1547 765 1665 791; x_wconf 89' lang='lat' dir='ltr'>casus</span> <span class='ocrx_word' id='word_1_93' title='bbox 1698 765 1838 804; x_wconf 86' lang='lat' dir='ltr'>super-</span> 
     </span>
     <span class='ocr_line' id='line_1_11' title="bbox 162 820 1842 875; baseline 0 -14"><span class='ocrx_word' id='word_1_94' title='bbox 162 832 191 857; x_wconf 76' lang='grc' dir='ltr'>ιο</span> <span class='ocrx_word' id='word_1_95' title='bbox 213 835 376 873; x_wconf 88' lang='lat' dir='ltr'>gressa,</span> <span class='ocrx_word' id='word_1_96' title='bbox 421 828 541 860; x_wconf 82' lang='lat' dir='ltr'>extra</span> <span class='ocrx_word' id='word_1_97' title='bbox 583 835 758 873; x_wconf 89' lang='lat' dir='ltr'>regnum</span> <span class='ocrx_word' id='word_1_98' title='bbox 791 820 981 862; x_wconf 81' lang='lat' dir='ltr'>fortunae</span> <span class='ocrx_word' id='word_1_99' title='bbox 1013 822 1240 870; x_wconf 86' lang='lat' dir='ltr'>subducta,</span> <span class='ocrx_word' id='word_1_100' title='bbox 1282 836 1408 874; x_wconf 89' lang='lat' dir='ltr'>quam</span> <span class='ocrx_word' id='word_1_101' title='bbox 1442 836 1525 861; x_wconf 90' lang='lat' dir='ltr'>non</span> <span class='ocrx_word' id='word_1_102' title='bbox 1558 822 1715 875; x_wconf 87' lang='lat' dir='ltr'>inopia,</span> <span class='ocrx_word' id='word_1_103' title='bbox 1757 836 1842 862; x_wconf 92' lang='lat' dir='ltr'>non</span> 
     </span>
     <span class='ocr_line' id='line_1_12' title="bbox 213 892 1842 945; baseline 0.001 -14"><span class='ocrx_word' id='word_1_104' title='bbox 213 898 371 940; x_wconf 88' lang='lat' dir='ltr'>metus,</span> <span class='ocrx_word' id='word_1_105' title='bbox 414 905 497 930; x_wconf 92' lang='lat' dir='ltr'>non</span> <span class='ocrx_word' id='word_1_106' title='bbox 541 892 786 931; x_wconf 87' lang='lat' dir='ltr'>morborum</span> <span class='ocrx_word' id='word_1_107' title='bbox 833 893 1017 932; x_wconf 85' lang='lat' dir='ltr'>incursus</span> <span class='ocrx_word' id='word_1_108' title='bbox 1059 893 1258 945; x_wconf 81' lang='lat' dir='ltr'>exagitet.</span> <span class='ocrx_word' id='word_1_109' title='bbox 1321 893 1426 932; x_wconf 89' lang='lat' dir='ltr'>haec</span> <span class='ocrx_word' id='word_1_110' title='bbox 1468 906 1545 932; x_wconf 87' lang='lat' dir='ltr'>nec</span> <span class='ocrx_word' id='word_1_111' title='bbox 1576 893 1734 933; x_wconf 83' lang='lat' dir='ltr'>turbari</span> <span class='ocrx_word' id='word_1_112' title='bbox 1766 907 1842 932; x_wconf 88' lang='lat' dir='ltr'>nec</span> 
     </span>
     <span class='ocr_line' id='line_1_13' title="bbox 213 963 1843 1016; baseline 0.001 -14"><span class='ocrx_word' id='word_1_113' title='bbox 213 964 312 1015; x_wconf 89' lang='lat' dir='ltr'>eripi</span> <span class='ocrx_word' id='word_1_114' title='bbox 361 968 526 1015; x_wconf 84' lang='lat' dir='ltr'>potest:</span> <span class='ocrx_word' id='word_1_115' title='bbox 583 969 786 1015; x_wconf 88' lang='lat' dir='ltr'>perpetua</span> <span class='ocrx_word' id='word_1_116' title='bbox 830 964 913 1002; x_wconf 88' lang='lat' dir='ltr'>eius</span> <span class='ocrx_word' id='word_1_117' title='bbox 956 969 997 1002; x_wconf 91' lang='lat' dir='ltr'>et</span> <span class='ocrx_word' id='word_1_118' title='bbox 1039 964 1245 1016; x_wconf 90' lang='lat' dir='ltr'>intrepida</span> <span class='ocrx_word' id='word_1_119' title='bbox 1285 964 1497 1016; x_wconf 82' lang='lat' dir='ltr'>possessio</span> <span class='ocrx_word' id='word_1_120' title='bbox 1541 970 1613 1003; x_wconf 91' lang='lat' dir='ltr'>est.</span> <span class='ocrx_word' id='word_1_121' title='bbox 1696 963 1843 1015; x_wconf 81' lang='lat' dir='ltr'>singuli</span> 
     </span>
     <span class='ocr_line' id='line_1_14' title="bbox 212 1033 1842 1088; baseline 0.001 -16"><span class='ocrx_word' id='word_1_122' title='bbox 212 1040 374 1073; x_wconf 88' lang='lat' dir='ltr'>tantum</span> <span class='ocrx_word' id='word_1_123' title='bbox 419 1033 529 1081; x_wconf 90' lang='lat' dir='ltr'>dies,</span> <span class='ocrx_word' id='word_1_124' title='bbox 573 1039 615 1073; x_wconf 92' lang='lat' dir='ltr'>et</span> <span class='ocrx_word' id='word_1_125' title='bbox 658 1033 698 1073; x_wconf 90' lang='lat' dir='ltr'>hi</span> <span class='ocrx_word' id='word_1_126' title='bbox 730 1047 804 1086; x_wconf 89' lang='lat' dir='ltr'>per</span> <span class='ocrx_word' id='word_1_127' title='bbox 837 1040 1076 1082; x_wconf 89' lang='lat' dir='ltr'>momenta,</span> <span class='ocrx_word' id='word_1_128' title='bbox 1118 1040 1360 1087; x_wconf 80' lang='lat' dir='ltr'>praesentes</span> <span class='ocrx_word' id='word_1_129' title='bbox 1392 1040 1512 1074; x_wconf 87' lang='lat' dir='ltr'>sunt:</span> <span class='ocrx_word' id='word_1_130' title='bbox 1559 1040 1602 1074; x_wconf 89' lang='lat' dir='ltr'>at</span> <span class='ocrx_word' id='word_1_131' title='bbox 1633 1035 1842 1088; x_wconf 87' lang='lat' dir='ltr'>praeteriti</span> 
     </span>
     <span class='ocr_line' id='line_1_15' title="bbox 212 1105 1842 1158; baseline -0.001 -13"><span class='ocrx_word' id='word_1_132' title='bbox 212 1106 417 1158; x_wconf 88' lang='lat' dir='ltr'>temporis</span> <span class='ocrx_word' id='word_1_133' title='bbox 450 1117 619 1152; x_wconf 91' lang='lat' dir='ltr'>omnes,</span> <span class='ocrx_word' id='word_1_134' title='bbox 653 1118 747 1143; x_wconf 93' lang='lat' dir='ltr'>cum</span> <span class='ocrx_word' id='word_1_135' title='bbox 780 1105 964 1152; x_wconf 86' lang='lat' dir='ltr'>iusseris,</span> <span class='ocrx_word' id='word_1_136' title='bbox 997 1106 1184 1153; x_wconf 89' lang='lat' dir='ltr'>aderunt,</span> <span class='ocrx_word' id='word_1_137' title='bbox 1218 1106 1272 1144; x_wconf 84' lang='lat' dir='ltr'>ad</span> <span class='ocrx_word' id='word_1_138' title='bbox 1305 1105 1516 1145; x_wconf 81' lang='lat' dir='ltr'>arbitrium</span> <span class='ocrx_word' id='word_1_139' title='bbox 1550 1111 1668 1145; x_wconf 88' lang='lat' dir='ltr'>tuum</span> <span class='ocrx_word' id='word_1_140' title='bbox 1701 1105 1842 1157; x_wconf 88' lang='lat' dir='ltr'>inspici</span> 
     </span>
    </p>
   </div>
   <div class='ocr_carea' id='block_1_3' title="bbox 163 1175 1880 1228">
    <p class='ocr_par' dir='ltr' id='par_1_3' title="bbox 163 1175 1880 1228">
     <span class='ocr_line' id='line_1_16' title="bbox 163 1175 1880 1228; baseline 0.001 -14"><span class='ocrx_word' id='word_1_141' title='bbox 163 1187 191 1210; x_wconf 75' lang='lat'>¹5</span> <span class='ocrx_word' id='word_1_142' title='bbox 213 1189 256 1214; x_wconf 91' lang='lat' dir='ltr'>se</span> <span class='ocrx_word' id='word_1_143' title='bbox 290 1188 338 1214; x_wconf 92' lang='lat' dir='ltr'>ac</span> <span class='ocrx_word' id='word_1_144' title='bbox 370 1175 543 1215; x_wconf 88' lang='lat' dir='ltr'>detineri</span> <span class='ocrx_word' id='word_1_145' title='bbox 574 1177 794 1228; x_wconf 87' lang='lat' dir='ltr'>patientur,</span> <span class='ocrx_word' id='word_1_146' title='bbox 828 1176 944 1228; x_wconf 91' lang='lat' dir='ltr'>quod</span> <span class='ocrx_word' id='word_1_147' title='bbox 976 1175 1112 1216; x_wconf 89' lang='lat' dir='ltr'>facere</span> <span class='ocrx_word' id='word_1_148' title='bbox 1145 1176 1359 1228; x_wconf 87' lang='lat' dir='ltr'>occupatis</span> <span class='ocrx_word' id='word_1_149' title='bbox 1383 1190 1467 1215; x_wconf 91' lang='lat' dir='ltr'>non</span> <span class='ocrx_word' id='word_1_150' title='bbox 1493 1182 1623 1215; x_wconf 86' lang='lat' dir='ltr'>uacat.</span> <span class='ocrx_word' id='word_1_151' title='bbox 1672 1189 1842 1215; x_wconf 88' lang='lat' dir='ltr'>securae</span> <span class='ocrx_word' id='word_1_152' title='bbox 1869 1186 1880 1216; x_wconf 69' lang='grc' dir='ltr'><em>ἵ</em></span> 
     </span>
    </p>
   </div>
   <div class='ocr_carea' id='block_1_4' title="bbox 159 1246 1843 2291">
    <p class='ocr_par' dir='ltr' id='par_1_4' title="bbox 159 1246 1843 2291">
     <span class='ocr_line' id='line_1_17' title="bbox 212 1246 1842 1299; baseline 0.001 -14"><span class='ocrx_word' id='word_1_153' title='bbox 212 1253 253 1286; x_wconf 94' lang='lat' dir='ltr'>et</span> <span class='ocrx_word' id='word_1_154' title='bbox 285 1246 450 1298; x_wconf 84' lang='lat' dir='ltr'>quietae</span> <span class='ocrx_word' id='word_1_155' title='bbox 483 1246 632 1285; x_wconf 89' lang='lat' dir='ltr'>mentis</span> <span class='ocrx_word' id='word_1_156' title='bbox 665 1252 727 1285; x_wconf 92' lang='lat' dir='ltr'>est</span> <span class='ocrx_word' id='word_1_157' title='bbox 759 1246 799 1285; x_wconf 91' lang='lat' dir='ltr'>in</span> <span class='ocrx_word' id='word_1_158' title='bbox 833 1260 981 1286; x_wconf 89' lang='lat' dir='ltr'>omnes</span> <span class='ocrx_word' id='word_1_159' title='bbox 1010 1247 1118 1286; x_wconf 90' lang='lat' dir='ltr'>uitae</span> <span class='ocrx_word' id='word_1_160' title='bbox 1147 1261 1246 1286; x_wconf 87' lang='lat' dir='ltr'>suae</span> <span class='ocrx_word' id='word_1_161' title='bbox 1268 1253 1407 1299; x_wconf 86' lang='lat' dir='ltr'>partes</span> <span class='ocrx_word' id='word_1_162' title='bbox 1431 1248 1683 1286; x_wconf 89' lang='lat' dir='ltr'>discurrere:</span> <span class='ocrx_word' id='word_1_163' title='bbox 1721 1260 1842 1286; x_wconf 88' lang='lat' dir='ltr'>occu-</span> 
     </span>
     <span class='ocr_line' id='line_1_18' title="bbox 210 1316 1842 1370; baseline 0 -13"><span class='ocrx_word' id='word_1_164' title='bbox 210 1323 406 1370; x_wconf 89' lang='lat' dir='ltr'>patorum</span> <span class='ocrx_word' id='word_1_165' title='bbox 446 1316 592 1365; x_wconf 90' lang='lat' dir='ltr'>animi,</span> <span class='ocrx_word' id='word_1_166' title='bbox 635 1316 747 1356; x_wconf 90' lang='lat' dir='ltr'>uelut</span> <span class='ocrx_word' id='word_1_167' title='bbox 778 1317 857 1356; x_wconf 91' lang='lat' dir='ltr'>sub</span> <span class='ocrx_word' id='word_1_168' title='bbox 889 1319 989 1369; x_wconf 86' lang='lat' dir='ltr'>iugo</span> <span class='ocrx_word' id='word_1_169' title='bbox 1021 1318 1123 1366; x_wconf 89' lang='lat' dir='ltr'>sint,</span> <span class='ocrx_word' id='word_1_170' title='bbox 1166 1317 1334 1358; x_wconf 88' lang='lat' dir='ltr'>flectere</span> <span class='ocrx_word' id='word_1_171' title='bbox 1366 1332 1411 1358; x_wconf 93' lang='lat' dir='ltr'>se</span> <span class='ocrx_word' id='word_1_172' title='bbox 1444 1332 1491 1357; x_wconf 90' lang='lat' dir='ltr'>ac</span> <span class='ocrx_word' id='word_1_173' title='bbox 1523 1318 1726 1370; x_wconf 88' lang='lat' dir='ltr'>respicere</span> <span class='ocrx_word' id='word_1_174' title='bbox 1758 1330 1842 1357; x_wconf 87' lang='lat' dir='ltr'>non</span> 
     </span>
     <span class='ocr_line' id='line_1_19' title="bbox 211 1387 1842 1441; baseline 0.001 -15"><span class='ocrx_word' id='word_1_175' title='bbox 211 1394 397 1440; x_wconf 88' lang='lat' dir='ltr'>possunt.</span> <span class='ocrx_word' id='word_1_176' title='bbox 460 1387 547 1427; x_wconf 87' lang='lat' dir='ltr'>abit</span> <span class='ocrx_word' id='word_1_177' title='bbox 579 1387 701 1439; x_wconf 87' lang='lat' dir='ltr'>igitur</span> <span class='ocrx_word' id='word_1_178' title='bbox 733 1389 818 1427; x_wconf 91' lang='lat' dir='ltr'>uita</span> <span class='ocrx_word' id='word_1_179' title='bbox 850 1401 994 1427; x_wconf 86' lang='lat' dir='ltr'>eorum</span> <span class='ocrx_word' id='word_1_180' title='bbox 1028 1389 1068 1427; x_wconf 90' lang='lat' dir='ltr'>in</span> <span class='ocrx_word' id='word_1_181' title='bbox 1099 1388 1354 1441; x_wconf 87' lang='lat' dir='ltr'>profundum</span> <span class='ocrx_word' id='word_1_182' title='bbox 1388 1395 1429 1428; x_wconf 88' lang='lat' dir='ltr'>et</span> <span class='ocrx_word' id='word_1_183' title='bbox 1461 1394 1506 1428; x_wconf 92' lang='lat' dir='ltr'>ut</span> <span class='ocrx_word' id='word_1_184' title='bbox 1538 1387 1635 1428; x_wconf 87' lang='lat' dir='ltr'>nihil</span> <span class='ocrx_word' id='word_1_185' title='bbox 1656 1389 1842 1441; x_wconf 87' lang='lat' dir='ltr'>prodest,</span> 
     </span>
     <span class='ocr_line' id='line_1_20' title="bbox 211 1457 1841 1512; baseline 0.001 -15"><span class='ocrx_word' id='word_1_186' title='bbox 211 1458 305 1498; x_wconf 83' lang='lat' dir='ltr'>licet</span> <span class='ocrx_word' id='word_1_187' title='bbox 337 1464 540 1510; x_wconf 88' lang='lat' dir='ltr'>quantum</span> <span class='ocrx_word' id='word_1_188' title='bbox 574 1457 673 1498; x_wconf 91' lang='lat' dir='ltr'>libet</span> <span class='ocrx_word' id='word_1_189' title='bbox 706 1458 880 1510; x_wconf 84' lang='lat' dir='ltr'>ingeras,</span> <span class='ocrx_word' id='word_1_190' title='bbox 912 1459 944 1498; x_wconf 92' lang='lat' dir='ltr'>si</span> <span class='ocrx_word' id='word_1_191' title='bbox 976 1473 1060 1498; x_wconf 92' lang='lat' dir='ltr'>non</span> <span class='ocrx_word' id='word_1_192' title='bbox 1093 1459 1248 1507; x_wconf 89' lang='lat' dir='ltr'>subest,</span> <span class='ocrx_word' id='word_1_193' title='bbox 1281 1460 1397 1512; x_wconf 89' lang='lat' dir='ltr'>quod</span> <span class='ocrx_word' id='word_1_194' title='bbox 1419 1459 1601 1512; x_wconf 84' lang='lat' dir='ltr'>excipiat</span> <span class='ocrx_word' id='word_1_195' title='bbox 1623 1473 1671 1499; x_wconf 89' lang='lat' dir='ltr'>ac</span> <span class='ocrx_word' id='word_1_196' title='bbox 1692 1465 1841 1507; x_wconf 90' lang='lat' dir='ltr'>seruet,</span> 
     </span>
     <span class='ocr_line' id='line_1_21' title="bbox 159 1528 1837 1582; baseline 0.001 -15"><span class='ocrx_word' id='word_1_197' title='bbox 159 1538 192 1564; x_wconf 77' lang='lat'>20</span> <span class='ocrx_word' id='word_1_198' title='bbox 212 1529 270 1568; x_wconf 92' lang='lat' dir='ltr'>sic</span> <span class='ocrx_word' id='word_1_199' title='bbox 302 1528 397 1567; x_wconf 90' lang='lat' dir='ltr'>nihil</span> <span class='ocrx_word' id='word_1_200' title='bbox 431 1528 555 1568; x_wconf 90' lang='lat' dir='ltr'>refert</span> <span class='ocrx_word' id='word_1_201' title='bbox 587 1535 790 1582; x_wconf 89' lang='lat' dir='ltr'>quantum</span> <span class='ocrx_word' id='word_1_202' title='bbox 823 1530 1025 1582; x_wconf 91' lang='lat' dir='ltr'>temporis</span> <span class='ocrx_word' id='word_1_203' title='bbox 1058 1531 1199 1577; x_wconf 90' lang='lat' dir='ltr'>detur,</span> <span class='ocrx_word' id='word_1_204' title='bbox 1233 1530 1264 1568; x_wconf 85' lang='lat' dir='ltr'>si</span> <span class='ocrx_word' id='word_1_205' title='bbox 1296 1544 1380 1569; x_wconf 89' lang='lat' dir='ltr'>non</span> <span class='ocrx_word' id='word_1_206' title='bbox 1414 1537 1486 1578; x_wconf 84' lang='lat' dir='ltr'>est,</span> <span class='ocrx_word' id='word_1_207' title='bbox 1520 1529 1590 1569; x_wconf 92' lang='lat' dir='ltr'>ubi</span> <span class='ocrx_word' id='word_1_208' title='bbox 1622 1530 1837 1570; x_wconf 86' lang='lat' dir='ltr'>subsidat:</span> 
     </span>
     <span class='ocr_line' id='line_1_22' title="bbox 211 1599 1841 1654; baseline 0.001 -16"><span class='ocrx_word' id='word_1_209' title='bbox 211 1613 286 1652; x_wconf 91' lang='lat' dir='ltr'>per</span> <span class='ocrx_word' id='word_1_210' title='bbox 332 1613 506 1652; x_wconf 90' lang='lat' dir='ltr'>quassos</span> <span class='ocrx_word' id='word_1_211' title='bbox 556 1599 798 1652; x_wconf 89' lang='lat' dir='ltr'>foratosque</span> <span class='ocrx_word' id='word_1_212' title='bbox 847 1601 1009 1640; x_wconf 88' lang='lat' dir='ltr'>animos</span> <span class='ocrx_word' id='word_1_213' title='bbox 1057 1601 1359 1640; x_wconf 85' lang='lat' dir='ltr'>transmittitur¹</span> <span class='ocrx_word' id='word_1_214' title='bbox 1436 1613 1633 1652; x_wconf 87' lang='lat' dir='ltr'>praesens</span> <span class='ocrx_word' id='word_1_215' title='bbox 1675 1607 1841 1654; x_wconf 87' lang='lat' dir='ltr'>tempus</span> 
     </span>
     <span class='ocr_line' id='line_1_23' title="bbox 212 1670 1839 1724; baseline 0.001 -15"><span class='ocrx_word' id='word_1_216' title='bbox 212 1670 502 1710; x_wconf 87' lang='lat' dir='ltr'>breuissimum</span> <span class='ocrx_word' id='word_1_217' title='bbox 545 1677 628 1720; x_wconf 90' lang='lat' dir='ltr'>est,</span> <span class='ocrx_word' id='word_1_218' title='bbox 670 1671 778 1711; x_wconf 88' lang='lat' dir='ltr'>adeo</span> <span class='ocrx_word' id='word_1_219' title='bbox 822 1672 1015 1724; x_wconf 91' lang='lat' dir='ltr'>quidem,</span> <span class='ocrx_word' id='word_1_220' title='bbox 1060 1677 1103 1711; x_wconf 93' lang='lat' dir='ltr'>ut</span> <span class='ocrx_word' id='word_1_221' title='bbox 1145 1671 1398 1724; x_wconf 88' lang='lat' dir='ltr'>quibusdam</span> <span class='ocrx_word' id='word_1_222' title='bbox 1443 1671 1596 1711; x_wconf 91' lang='lat' dir='ltr'>nullum</span> <span class='ocrx_word' id='word_1_223' title='bbox 1641 1672 1839 1712; x_wconf 84' lang='lat' dir='ltr'>uideatur.</span> 
     </span>
     <span class='ocr_line' id='line_1_24' title="bbox 212 1742 1842 1796; baseline 0.001 -16"><span class='ocrx_word' id='word_1_224' title='bbox 212 1742 250 1780; x_wconf 89' lang='lat' dir='ltr'>in</span> <span class='ocrx_word' id='word_1_225' title='bbox 283 1755 402 1781; x_wconf 91' lang='lat' dir='ltr'>cursu</span> <span class='ocrx_word' id='word_1_226' title='bbox 435 1742 542 1781; x_wconf 88' lang='lat' dir='ltr'>enim</span> <span class='ocrx_word' id='word_1_227' title='bbox 577 1755 744 1795; x_wconf 91' lang='lat' dir='ltr'>semper</span> <span class='ocrx_word' id='word_1_228' title='bbox 775 1749 850 1789; x_wconf 91' lang='lat' dir='ltr'>est,</span> <span class='ocrx_word' id='word_1_229' title='bbox 884 1742 970 1782; x_wconf 86' lang='lat' dir='ltr'>fluit</span> <span class='ocrx_word' id='word_1_230' title='bbox 1003 1748 1044 1781; x_wconf 90' lang='lat' dir='ltr'>et</span> <span class='ocrx_word' id='word_1_231' title='bbox 1076 1743 1382 1796; x_wconf 87' lang='lat' dir='ltr'>praecipitatur.</span> <span class='ocrx_word' id='word_1_232' title='bbox 1446 1748 1543 1782; x_wconf 86' lang='lat' dir='ltr'>ante</span> <span class='ocrx_word' id='word_1_233' title='bbox 1571 1743 1720 1782; x_wconf 89' lang='lat' dir='ltr'>desinit</span> <span class='ocrx_word' id='word_1_234' title='bbox 1751 1756 1842 1782; x_wconf 89' lang='lat' dir='ltr'>esse</span> 
     </span>
     <span class='ocr_line' id='line_1_25' title="bbox 212 1813 1843 1866; baseline 0.001 -15"><span class='ocrx_word' id='word_1_235' title='bbox 212 1826 338 1864; x_wconf 88' lang='lat' dir='ltr'>quam</span> <span class='ocrx_word' id='word_1_236' title='bbox 382 1813 515 1861; x_wconf 87' lang='lat' dir='ltr'>uenit,</span> <span class='ocrx_word' id='word_1_237' title='bbox 559 1826 635 1853; x_wconf 92' lang='lat' dir='ltr'>nec</span> <span class='ocrx_word' id='word_1_238' title='bbox 668 1813 802 1865; x_wconf 86' lang='lat' dir='ltr'>magis</span> <span class='ocrx_word' id='word_1_239' title='bbox 836 1827 1000 1853; x_wconf 89' lang='lat' dir='ltr'>moram</span> <span class='ocrx_word' id='word_1_240' title='bbox 1033 1814 1187 1866; x_wconf 88' lang='lat' dir='ltr'>patitur</span> <span class='ocrx_word' id='word_1_241' title='bbox 1218 1827 1344 1866; x_wconf 85' lang='lat' dir='ltr'>quam</span> <span class='ocrx_word' id='word_1_242' title='bbox 1379 1814 1559 1853; x_wconf 89' lang='lat' dir='ltr'>mundus</span> <span class='ocrx_word' id='word_1_243' title='bbox 1592 1820 1663 1854; x_wconf 91' lang='lat' dir='ltr'>aut</span> <span class='ocrx_word' id='word_1_244' title='bbox 1694 1814 1843 1861; x_wconf 89' lang='lat' dir='ltr'>sidera,</span> 
     </span>
     <span class='ocr_line' id='line_1_26' title="bbox 159 1884 1842 1937; baseline 0.001 -15"><span class='ocrx_word' id='word_1_245' title='bbox 159 1894 193 1918; x_wconf 70' lang='lat'>25</span> <span class='ocrx_word' id='word_1_246' title='bbox 213 1897 391 1935; x_wconf 89' lang='lat' dir='ltr'>quorum</span> <span class='ocrx_word' id='word_1_247' title='bbox 435 1884 661 1936; x_wconf 90' lang='lat' dir='ltr'>inrequieta</span> <span class='ocrx_word' id='word_1_248' title='bbox 701 1897 868 1936; x_wconf 90' lang='lat' dir='ltr'>semper</span> <span class='ocrx_word' id='word_1_249' title='bbox 910 1884 1082 1936; x_wconf 83' lang='lat' dir='ltr'>agitatio</span> <span class='ocrx_word' id='word_1_250' title='bbox 1126 1897 1354 1937; x_wconf 88' lang='lat' dir='ltr'>numquam</span> <span class='ocrx_word' id='word_1_251' title='bbox 1399 1885 1436 1923; x_wconf 84' lang='lat' dir='ltr'>in</span> <span class='ocrx_word' id='word_1_252' title='bbox 1480 1885 1632 1924; x_wconf 91' lang='lat' dir='ltr'>eodem</span> <span class='ocrx_word' id='word_1_253' title='bbox 1665 1884 1842 1936; x_wconf 85' lang='lat' dir='ltr'>uestigio</span> 
     </span>
     <span class='ocr_line' id='line_1_27' title="bbox 213 1954 1843 2008; baseline 0.002 -16"><span class='ocrx_word' id='word_1_254' title='bbox 213 1960 365 1993; x_wconf 87' lang='lat' dir='ltr'>manet.</span> <span class='ocrx_word' id='word_1_255' title='bbox 428 1954 564 1993; x_wconf 88' lang='lat' dir='ltr'>solum</span> <span class='ocrx_word' id='word_1_256' title='bbox 598 1955 718 2006; x_wconf 90' lang='lat' dir='ltr'>igitur</span> <span class='ocrx_word' id='word_1_257' title='bbox 751 1955 804 1994; x_wconf 91' lang='lat' dir='ltr'>ad</span> <span class='ocrx_word' id='word_1_258' title='bbox 839 1961 1067 2006; x_wconf 83' lang='lat' dir='ltr'>occupatos</span> <span class='ocrx_word' id='word_1_259' title='bbox 1096 1955 1293 2006; x_wconf 80' lang='lat' dir='ltr'>praesens</span> <span class='ocrx_word' id='word_1_260' title='bbox 1316 1956 1494 2007; x_wconf 89' lang='lat' dir='ltr'>pertinet</span> <span class='ocrx_word' id='word_1_261' title='bbox 1517 1961 1696 2008; x_wconf 86' lang='lat' dir='ltr'>tempus,</span> <span class='ocrx_word' id='word_1_262' title='bbox 1728 1956 1843 2008; x_wconf 91' lang='lat' dir='ltr'>quod</span> 
     </span>
     <span class='ocr_line' id='line_1_28' title="bbox 213 2025 1843 2079; baseline 0.001 -16"><span class='ocrx_word' id='word_1_263' title='bbox 213 2032 299 2064; x_wconf 89' lang='lat' dir='ltr'>tam</span> <span class='ocrx_word' id='word_1_264' title='bbox 334 2025 461 2064; x_wconf 92' lang='lat' dir='ltr'>breue</span> <span class='ocrx_word' id='word_1_265' title='bbox 495 2031 577 2073; x_wconf 91' lang='lat' dir='ltr'>est,</span> <span class='ocrx_word' id='word_1_266' title='bbox 611 2031 655 2064; x_wconf 90' lang='lat' dir='ltr'>ut</span> <span class='ocrx_word' id='word_1_267' title='bbox 687 2025 817 2078; x_wconf 87' lang='lat' dir='ltr'>adripi</span> <span class='ocrx_word' id='word_1_268' title='bbox 850 2039 934 2064; x_wconf 91' lang='lat' dir='ltr'>non</span> <span class='ocrx_word' id='word_1_269' title='bbox 967 2026 1120 2077; x_wconf 88' lang='lat' dir='ltr'>possit,</span> <span class='ocrx_word' id='word_1_270' title='bbox 1155 2031 1196 2065; x_wconf 89' lang='lat' dir='ltr'>et</span> <span class='ocrx_word' id='word_1_271' title='bbox 1227 2025 1268 2064; x_wconf 89' lang='lat' dir='ltr'>id</span> <span class='ocrx_word' id='word_1_272' title='bbox 1301 2027 1437 2079; x_wconf 89' lang='lat' dir='ltr'>ipsum</span> <span class='ocrx_word' id='word_1_273' title='bbox 1472 2025 1546 2065; x_wconf 89' lang='lat' dir='ltr'>illis</span> <span class='ocrx_word' id='word_1_274' title='bbox 1579 2025 1772 2065; x_wconf 90' lang='lat' dir='ltr'>districtis</span> <span class='ocrx_word' id='word_1_275' title='bbox 1804 2026 1843 2064; x_wconf 90' lang='lat' dir='ltr'>in</span> 
     </span>
     <span class='ocr_line' id='line_1_29' title="bbox 215 2094 782 2136; baseline 0.004 -2"><span class='ocrx_word' id='word_1_276' title='bbox 215 2094 344 2135; x_wconf 91' lang='lat' dir='ltr'>multa</span> <span class='ocrx_word' id='word_1_277' title='bbox 376 2095 629 2136; x_wconf 87' lang='lat' dir='ltr'>subducitur.</span> <span class='ocrx_word' id='word_1_278' title='bbox 780 2104 782 2106; x_wconf 78' lang='grc'>’</span> 
     </span>
     <span class='ocr_line' id='line_1_30' title="bbox 334 2166 1843 2220; baseline 0.001 -15"><span class='ocrx_word' id='word_1_279' title='bbox 334 2166 403 2205; x_wconf 77' lang='lat' dir='ltr'>XI.</span> <span class='ocrx_word' id='word_1_280' title='bbox 457 2166 647 2219; x_wconf 91' lang='lat' dir='ltr'>Denique</span> <span class='ocrx_word' id='word_1_281' title='bbox 697 2167 756 2206; x_wconf 90' lang='lat' dir='ltr'>uis</span> <span class='ocrx_word' id='word_1_282' title='bbox 799 2166 902 2207; x_wconf 88' lang='lat' dir='ltr'>scire</span> <span class='ocrx_word' id='word_1_283' title='bbox 945 2181 1072 2220; x_wconf 91' lang='lat' dir='ltr'>quam</span> <span class='ocrx_word' id='word_1_284' title='bbox 1116 2181 1199 2207; x_wconf 88' lang='lat' dir='ltr'>non</span> <span class='ocrx_word' id='word_1_285' title='bbox 1243 2168 1310 2206; x_wconf 90' lang='lat' dir='ltr'>diu</span> <span class='ocrx_word' id='word_1_286' title='bbox 1353 2167 1520 2209; x_wconf 82' lang='lat' dir='ltr'>uiuant?</span> <span class='ocrx_word' id='word_1_287' title='bbox 1580 2168 1676 2207; x_wconf 88' lang='lat' dir='ltr'>uide</span> <span class='ocrx_word' id='word_1_288' title='bbox 1717 2180 1843 2220; x_wconf 89' lang='lat' dir='ltr'>quam</span> 
     </span>
     <span class='ocr_line' id='line_1_31' title="bbox 161 2237 1843 2291; baseline 0.001 -16"><span class='ocrx_word' id='word_1_289' title='bbox 161 2248 194 2272; x_wconf 80' lang='lat'>30</span> <span class='ocrx_word' id='word_1_290' title='bbox 215 2237 381 2290; x_wconf 88' lang='lat' dir='ltr'>cupiant</span> <span class='ocrx_word' id='word_1_291' title='bbox 411 2237 479 2276; x_wconf 88' lang='lat' dir='ltr'>diu</span> <span class='ocrx_word' id='word_1_292' title='bbox 504 2239 652 2277; x_wconf 90' lang='lat' dir='ltr'>uiuere.</span> <span class='ocrx_word' id='word_1_293' title='bbox 717 2238 915 2289; x_wconf 89' lang='lat' dir='ltr'>decrepiti</span> <span class='ocrx_word' id='word_1_294' title='bbox 938 2251 1058 2278; x_wconf 91' lang='lat' dir='ltr'>senes</span> <span class='ocrx_word' id='word_1_295' title='bbox 1081 2251 1310 2291; x_wconf 88' lang='lat' dir='ltr'>paucorum</span> <span class='ocrx_word' id='word_1_296' title='bbox 1334 2251 1538 2278; x_wconf 90' lang='lat' dir='ltr'>annorum</span> <span class='ocrx_word' id='word_1_297' title='bbox 1562 2238 1843 2277; x_wconf 89' lang='lat' dir='ltr'>accessionem</span> 
     </span>
    </p>
   </div>
   <div class='ocr_carea' id='block_1_5' title="bbox 214 2447 1846 2763">
    <p class='ocr_par' dir='ltr' id='par_1_5' title="bbox 221 2447 1845 2531">
     <span class='ocr_line' id='line_1_32' title="bbox 221 2447 1845 2491; baseline -0.001 -11"><span class='ocrx_word' id='word_1_298' title='bbox 221 2448 230 2480; x_wconf 84' lang='lat' dir='ltr'>l</span> <span class='ocrx_word' id='word_1_299' title='bbox 262 2448 435 2479; x_wconf 86' lang='lat' dir='ltr'>iniocunda</span> <span class='ocrx_word' id='word_1_300' title='bbox 465 2448 498 2489; x_wconf 92' lang='lat'>(0</span> <span class='ocrx_word' id='word_1_301' title='bbox 525 2455 634 2490; x_wconf 74' lang='lat' dir='ltr'>corr.)</span> <span class='ocrx_word' id='word_1_302' title='bbox 758 2449 929 2490; x_wconf 69' lang='lat' dir='ltr'>penitende</span> <span class='ocrx_word' id='word_1_303' title='bbox 957 2450 988 2489; x_wconf 81' lang='lat' dir='ltr'>(c</span> <span class='ocrx_word' id='word_1_304' title='bbox 1014 2448 1048 2482; x_wconf 79' lang='lat' dir='ltr'>in</span> <span class='ocrx_word' id='word_1_305' title='bbox 1075 2450 1162 2489; x_wconf 75' lang='lat' dir='ltr'>ras.)</span> <span class='ocrx_word' id='word_1_306' title='bbox 1286 2449 1303 2481; x_wconf 73' lang='lat' dir='ltr'>-i</span> <span class='ocrx_word' id='word_1_307' title='bbox 1340 2450 1557 2491; x_wconf 81' lang='lat' dir='ltr'>subrepebant</span> <span class='ocrx_word' id='word_1_308' title='bbox 1584 2447 1659 2482; x_wconf 88' lang='lat' dir='ltr'>E¹:</span> <span class='ocrx_word' id='word_1_309' title='bbox 1689 2448 1845 2489; x_wconf 81' lang='lat' dir='ltr'>subripie-</span> 
     </span>
     <span class='ocr_line' id='line_1_33' title="bbox 1709 2513 1767 2531; baseline -0.017 0"><span class='ocrx_word' id='word_1_310' title='bbox 1709 2513 1767 2531; x_wconf 79' lang='lat' dir='ltr'>non</span> 
     </span>
    </p>

    <p class='ocr_par' dir='ltr' id='par_1_6' title="bbox 214 2541 1845 2586">
     <span class='ocr_line' id='line_1_34' title="bbox 214 2541 1845 2586; baseline -0.001 -13"><span class='ocrx_word' id='word_1_311' title='bbox 214 2543 330 2573; x_wconf 84' lang='lat' dir='ltr'>bantur</span> <span class='ocrx_word' id='word_1_312' title='bbox 358 2541 482 2586; x_wconf 74' lang='lat' dir='ltr'>(prior</span> <span class='ocrx_word' id='word_1_313' title='bbox 500 2543 520 2572; x_wconf 91' lang='lat' dir='ltr'>b</span> <span class='ocrx_word' id='word_1_314' title='bbox 540 2542 572 2575; x_wconf 77' lang='grc' dir='ltr'>ῖη</span> <span class='ocrx_word' id='word_1_315' title='bbox 593 2543 680 2583; x_wconf 77' lang='lat' dir='ltr'>ras.)</span> <span class='ocrx_word' id='word_1_316' title='bbox 802 2544 877 2585; x_wconf 85' lang='lat' dir='ltr'>quoi</span> <span class='ocrx_word' id='word_1_317' title='bbox 900 2541 1097 2576; x_wconf 78' lang='lat' dir='ltr'>Gruterus:</span> <span class='ocrx_word' id='word_1_318' title='bbox 1127 2555 1192 2585; x_wconf 85' lang='lat' dir='ltr'>quo</span> <span class='ocrx_word' id='word_1_319' title='bbox 1316 2543 1358 2576; x_wconf 68' lang='grc' dir='ltr'>Ἠ)</span> <span class='ocrx_word' id='word_1_320' title='bbox 1385 2543 1508 2574; x_wconf 82' lang='lat' dir='ltr'>fortune</span> <span class='ocrx_word' id='word_1_321' title='bbox 1628 2545 1693 2585; x_wconf 57' lang='lat' dir='ltr'>qua</span> <span class='ocrx_word' id='word_1_322' title='bbox 1735 2542 1845 2583; x_wconf 83' lang='lat' dir='ltr'>inopia</span> 
     </span>
    </p>

    <p class='ocr_par' dir='ltr' id='par_1_7' title="bbox 358 2590 1846 2643">
     <span class='ocr_line' id='line_1_35' title="bbox 358 2590 1846 2643; baseline -0.003 -8"><span class='ocrx_word' id='word_1_323' title='bbox 358 2600 400 2633; x_wconf 71' lang='grc'>’13</span> <span class='ocrx_word' id='word_1_324' title='bbox 436 2611 491 2641; x_wconf 79' lang='lat' dir='ltr'>per</span> <span class='ocrx_word' id='word_1_325' title='bbox 524 2607 688 2633; x_wconf 76' lang='lat' dir='ltr'>momenta</span> <span class='ocrx_word' id='word_1_326' title='bbox 717 2601 932 2635; x_wconf 74' lang='lat' dir='ltr'>deteriores:</span> <span class='ocrx_word' id='word_1_327' title='bbox 966 2590 1076 2643; x_wconf 67' lang='lat' dir='ltr'>pnsoni</span> <span class='ocrx_word' id='word_1_328' title='bbox 1104 2603 1213 2633; x_wconf 75' lang='lat' dir='ltr'>menta</span> <span class='ocrx_word' id='word_1_329' title='bbox 1366 2601 1399 2634; x_wconf 61' lang='grc' dir='ltr'>1ιί</span> <span class='ocrx_word' id='word_1_330' title='bbox 1438 2602 1564 2633; x_wconf 76' lang='lat' dir='ltr'>iusseris</span> <span class='ocrx_word' id='word_1_331' title='bbox 1592 2599 1664 2636; x_wconf 45' lang='grc' dir='ltr'>ΕΜ</span> <span class='ocrx_word' id='word_1_332' title='bbox 1695 2601 1846 2633; x_wconf 67' lang='lat' dir='ltr'>ius-seritis</span> 
     </span>
    </p>

    <p class='ocr_par' dir='ltr' id='par_1_8' title="bbox 364 2659 1843 2705">
     <span class='ocr_line' id='line_1_36' title="bbox 364 2659 1843 2705; baseline 0.002 -14"><span class='ocrx_word' id='word_1_333' title='bbox 364 2659 402 2692; x_wconf 82' lang='lat'>15</span> <span class='ocrx_word' id='word_1_334' title='bbox 429 2660 588 2700; x_wconf 79' lang='lat' dir='ltr'>patientur</span> <span class='ocrx_word' id='word_1_335' title='bbox 613 2660 732 2694; x_wconf 72' lang='lat' dir='ltr'>nescio</span> <span class='ocrx_word' id='word_1_336' title='bbox 758 2661 859 2705; x_wconf 70' lang='lat' dir='ltr'>quis:</span> <span class='ocrx_word' id='word_1_337' title='bbox 890 2662 1050 2702; x_wconf 79' lang='lat' dir='ltr'>patiuntur</span> <span class='ocrx_word' id='word_1_338' title='bbox 1076 2664 1182 2701; x_wconf 66' lang='lat' dir='ltr'>(untur</span> <span class='ocrx_word' id='word_1_339' title='bbox 1208 2660 1242 2694; x_wconf 75' lang='lat' dir='ltr'>in</span> <span class='ocrx_word' id='word_1_340' title='bbox 1269 2661 1357 2699; x_wconf 79' lang='lat' dir='ltr'>ras.)</span> <span class='ocrx_word' id='word_1_341' title='bbox 1484 2660 1523 2693; x_wconf 65' lang='lat' dir='ltr'>‚lii</span> <span class='ocrx_word' id='word_1_342' title='bbox 1549 2661 1612 2701; x_wconf 66' lang='lat' dir='ltr'>uite</span> <span class='ocrx_word' id='word_1_343' title='bbox 1641 2663 1675 2702; x_wconf 88' lang='lat' dir='ltr'>(u</span> <span class='ocrx_word' id='word_1_344' title='bbox 1702 2660 1737 2693; x_wconf 72' lang='lat' dir='ltr'>in</span> <span class='ocrx_word' id='word_1_345' title='bbox 1756 2660 1843 2701; x_wconf 75' lang='lat' dir='ltr'>ras.)</span> 
     </span>
    </p>

    <p class='ocr_par' dir='ltr' id='par_1_9' title="bbox 358 2718 1845 2763">
     <span class='ocr_line' id='line_1_37' title="bbox 358 2718 1845 2763; baseline 0.002 -16"><span class='ocrx_word' id='word_1_346' title='bbox 358 2718 402 2751; x_wconf 63' lang='lat'>&#39;20</span> <span class='ocrx_word' id='word_1_347' title='bbox 429 2718 553 2749; x_wconf 56' lang='lat' dir='ltr'>refert*</span> <span class='ocrx_word' id='word_1_348' title='bbox 686 2721 722 2752; x_wconf 62' lang='lat'>‘21</span> <span class='ocrx_word' id='word_1_349' title='bbox 757 2722 887 2751; x_wconf 63' lang='lat' dir='ltr'>Presens</span> <span class='ocrx_word' id='word_1_350' title='bbox 1027 2719 1069 2752; x_wconf 69' lang='lat'>525»</span> <span class='ocrx_word' id='word_1_351' title='bbox 1098 2720 1164 2751; x_wconf 85' lang='lat' dir='ltr'>inre</span> <span class='ocrx_word' id='word_1_352' title='bbox 1189 2720 1298 2760; x_wconf 74' lang='lat' dir='ltr'>quieta</span> <span class='ocrx_word' id='word_1_353' title='bbox 1325 2719 1374 2759; x_wconf 77' lang='lat' dir='ltr'>(in</span> <span class='ocrx_word' id='word_1_354' title='bbox 1403 2730 1514 2763; x_wconf 55' lang='lat' dir='ltr'>maru.</span> <span class='ocrx_word' id='word_1_355' title='bbox 1542 2730 1585 2752; x_wconf 83' lang='lat' dir='ltr'>m.</span> <span class='ocrx_word' id='word_1_356' title='bbox 1613 2724 1631 2751; x_wconf 78' lang='grc'>3</span> <span class='ocrx_word' id='word_1_357' title='bbox 1661 2720 1845 2760; x_wconf 78' lang='lat' dir='ltr'>inrequieta,</span> 
     </span>
    </p>
   </div>
   <div class='ocr_carea' id='block_1_6' title="bbox 215 2787 1478 2857">
    <p class='ocr_par' dir='ltr' id='par_1_10' title="bbox 215 2787 1478 2857">
     <span class='ocr_line' id='line_1_38' title="bbox 1436 2787 1448 2801; baseline 0 0"><span class='ocrx_word' id='word_1_358' title='bbox 1436 2787 1448 2801; x_wconf 65' lang='lat' dir='ltr'>S</span> 
     </span>
     <span class='ocr_line' id='line_1_39' title="bbox 215 2811 1478 2857; baseline 0.001 -12"><span class='ocrx_word' id='word_1_359' title='bbox 215 2811 282 2846; x_wconf 78' lang='lat' dir='ltr'>sed</span> <span class='ocrx_word' id='word_1_360' title='bbox 298 2822 413 2857; x_wconf 76' lang='lat' dir='ltr'>supra</span> <span class='ocrx_word' id='word_1_361' title='bbox 431 2823 449 2843; x_wconf 86' lang='lat' dir='ltr'>n</span> <span class='ocrx_word' id='word_1_362' title='bbox 469 2811 606 2857; x_wconf 77' lang='lat' dir='ltr'>scripta</span> <span class='ocrx_word' id='word_1_363' title='bbox 625 2816 679 2847; x_wconf 75' lang='lat' dir='ltr'>es(</span> <span class='ocrx_word' id='word_1_364' title='bbox 697 2814 729 2855; x_wconf 86' lang='lat' dir='ltr'>u)</span> <span class='ocrx_word' id='word_1_365' title='bbox 853 2814 970 2846; x_wconf 53' lang='lat' dir='ltr'>meod&amp;</span> <span class='ocrx_word' id='word_1_366' title='bbox 1093 2813 1135 2847; x_wconf 70' lang='lat'>⁴31·</span> <span class='ocrx_word' id='word_1_367' title='bbox 1165 2815 1261 2855; x_wconf 76' lang='lat' dir='ltr'>arripi</span> <span class='ocrx_word' id='word_1_368' title='bbox 1384 2815 1478 2855; x_wconf 60' lang='lat' dir='ltr'>posit.</span> 
     </span>
    </p>
   </div>
   <div class='ocr_carea' id='block_1_7' title="bbox 1864 196 1883 229">
    <p class='ocr_par' dir='ltr' id='par_1_11' title="bbox 1864 196 1883 229">
     <span class='ocr_line' id='line_1_40' title="bbox 1864 196 1883 229; baseline 0 -2"><span class='ocrx_word' id='word_1_369' title='bbox 1864 196 1883 229; x_wconf 77' lang='lat'>3</span> 
     </span>
    </p>
   </div>
   <div class='ocr_carea' id='block_1_8' title="bbox 1866 548 1882 580">
    <p class='ocr_par' dir='ltr' id='par_1_12' title="bbox 1866 548 1882 580">
     <span class='ocr_line' id='line_1_41' title="bbox 1866 548 1882 580; baseline 0 0"><span class='ocrx_word' id='word_1_370' title='bbox 1866 548 1882 580; x_wconf 57' lang='lat' dir='ltr'>&gt;i</span> 
     </span>
    </p>
   </div>
   <div class='ocr_carea' id='block_1_9' title="bbox 1869 1610 1888 1641">
    <p class='ocr_par' dir='ltr' id='par_1_13' title="bbox 1869 1610 1888 1641">
     <span class='ocr_line' id='line_1_42' title="bbox 1869 1610 1888 1641; baseline -0.053 0"><span class='ocrx_word' id='word_1_371' title='bbox 1869 1610 1888 1641; x_wconf 63' lang='grc' dir='ltr'>Β</span> 
     </span>
    </p>
   </div>
  </div>
 </body>
</html>
