1977 3231
468 128 761 175 CoNTVMELIAM
789 149 982 176 ACCIPERE
1009 150 1246 176 SAPIENTEM.
1275 150 1311 176 X.
1334 150 1387 177 XI.
1681 156 1734 193 27

116 242 192 282 sibi
235 249 276 282 et
318 244 453 287 omnis
498 243 592 291 has,
635 259 737 297 quas
779 260 862 285 non
901 247 1084 286 miserias
1125 248 1358 286 animorum
1408 248 1482 287 sed
1525 248 1737 288 molestias

69 320 88 353 4
117 313 305 360 dixerim,
338 327 422 352 non
457 315 581 353 uincit
610 317 685 355 sed
708 329 759 355 ne
781 317 904 356 sentit
925 318 1104 369 quidem.
1158 317 1235 357 alia
1261 324 1356 357 sunt
1377 331 1485 370 quae
1505 319 1736 371 sapientem

114 381 272 430 feriunt,
306 384 430 422 etiam
463 384 496 423 si
528 399 611 424 non
644 392 898 438 peruertunt,
931 393 975 426 ut
998 387 1120 427 dolor
1152 388 1337 440 corporis
1370 395 1411 428 et
1444 389 1633 428 debilitas
1666 396 1736 429 aut

114 453 341 492 amicorum
375 453 682 507 liberorumque
714 457 879 496 amissio
903 463 944 496 et
966 458 1123 510 patriae
1146 457 1257 497 bello
1281 452 1490 510 flagrantis
1513 459 1735 500 calamitas.

114 522 218 562 haec
239 537 321 562 non
345 537 454 575 nego
477 526 627 565 sentire
650 527 890 579 sapientem.
923 541 1000 566 nec
1022 529 1130 566 enirn
1154 528 1297 580 lapidis
1319 529 1575 568 illiduritiam
1590 529 1736 570 ferriue
1756 546 1771 570 5

113 594 355 633 adserimus.
421 594 531 634 nulla
568 597 694 636 uirtus
727 604 801 644 est,
833 611 939 649 quae
972 612 1055 637 non
1088 599 1239 637 sentias
1276 600 1447 652 perpeti.
1500 601 1598 652 quid
1632 614 1734 652 ergo

113 667 204 704 est?
237 665 446 716 quosdam
470 666 572 705 ictus
596 667 749 720 recipit,
772 669 846 707 sed
869 675 1062 721 receptos
1075 670 1225 708 euincit
1248 676 1289 709 et
1311 677 1428 709 sanat
1451 677 1492 709 et
1505 672 1736 724 conprimit.

115 734 218 774 haec
252 749 351 774 uero
386 737 546 775 minora
578 750 629 776 ne
651 738 776 777 sentit
798 739 965 790 quidem
1000 753 1076 778 nec
1099 740 1298 779 aduersus
1331 754 1380 779 ea
1410 741 1532 780 solita
1563 742 1629 781 illa
1655 742 1731 781 uir-

117 811 205 845 tute
229 807 353 845 utitur
376 807 478 845 dura
500 806 717 855 tolerandi,
751 810 825 848 sed
849 815 919 848 aut
947 823 1030 848 non
1053 811 1230 849 adnotat
1261 817 1332 850 aut
1355 812 1480 863 digna
1503 813 1582 851 risu
1606 819 1735 865 putat.

76 883 81 915 Ι
234 876 302 915 XI.
347 877 562 916 Praeterea
606 892 700 917 cum
745 893 941 931 magnam
986 886 1146 932 partem
1193 882 1534 921 contumeliarum
1568 883 1734 935 superbi
1759 896 1788 920 ιο

113 946 420 998 insolentesque
453 947 601 987 faciant
635 955 675 988 et
708 949 816 988 male
848 949 1083 990 felicitatem
1118 951 1314 999 ferentes,
1347 951 1475 991 habet
1507 967 1590 1004 quo
1623 953 1735 992 illurn

112 1015 323 1055 adfectum
357 1017 543 1056 inflatum
578 1026 756 1071 respuat,
790 1020 1110 1071 pulcherrimam
1145 1022 1338 1061 uirtutem
1362 1023 1547 1071 omnium
1574 1024 1736 1075 [animiss

113 1087 521 1138 magnanimitatem:
564 1088 640 1136 illa,
673 1090 875 1141 quidquid
909 1091 1112 1130 eiusmodi
1144 1098 1224 1140 est,
1262 1094 1501 1132 transcurrit
1534 1100 1577 1133 ut
1610 1108 1737 1133 uanas

111 1158 269 1209 species
311 1158 570 1197 somniorum
610 1160 803 1211 nisusque
844 1168 1072 1200 nocturnos
1104 1162 1201 1201 nihil
1233 1162 1424 1202 habentis
1463 1164 1583 1203 solidi
1614 1171 1738 1216 atque

64 1236 84 1268 2
113 1228 208 1268 ueri.
276 1227 397 1267 simul
429 1228 526 1267 illud
559 1230 726 1281 cogitat,
759 1243 906 1269 omnes
938 1230 1149 1271 inferiores
1182 1246 1289 1280 esse,
1321 1247 1447 1285 quam
1480 1240 1524 1273 ut
1557 1234 1631 1274 illis
1663 1249 1733 1274 au·
1759 1249 1787 1274 ιτ)

111 1298 231 1337 dacia
263 1299 313 1337 sit
345 1305 464 1338 tanto
496 1299 727 1339 excelsiora
749 1301 972 1353 despicere.
1033 1303 1285 1343 contumelia
1312 1318 1336 1343 a
1357 1311 1603 1357 contemptu
1626 1306 1735 1345 dicta

109 1374 189 1416 est,
234 1369 329 1420 quia
370 1383 495 1408 nemo
538 1370 612 1409 nisi
656 1384 781 1422 quem
825 1373 1092 1423 contempsit,
1135 1373 1204 1413 tali
1246 1374 1387 1414 iniuria
1417 1381 1546 1414 notat.
1610 1389 1735 1415 nemo

109 1444 249 1478 autem
304 1440 503 1479 maiorem
549 1441 849 1494 melioremque
893 1444 1141 1492 contemnit,
1193 1445 1317 1484 etiam
1360 1446 1392 1484 si
1435 1445 1530 1485 facit
1572 1446 1734 1498 aliquid,

109 1509 223 1560 quod
256 1515 574 1550 contemnentes
606 1511 766 1552 solent:
823 1526 919 1552 nam
954 1521 995 1553 et
1026 1515 1141 1566 pueri
1174 1529 1222 1554 os
1253 1516 1484 1568 parentium
1518 1516 1666 1556 feriunt
1695 1524 1735 1556 et

110 1580 240 1618 crines
279 1580 421 1618 matris
459 1581 640 1620 turbauit
684 1581 963 1635 lacerauitque
1005 1583 1137 1624 infans
1180 1591 1220 1625 et
1261 1592 1385 1638 sputo
1428 1587 1633 1638 adspersit
1665 1594 1735 1627 aut
1756 1601 1788 1626 20

110 1650 280 1689 nudauit
313 1650 351 1688 in
384 1659 611 1703 conspectu
645 1666 817 1692 suorum
851 1656 1034 1706 tegenda
1066 1662 1106 1695 et
1139 1656 1276 1695 uerbis
1309 1656 1621 1696 obscenioribus
1652 1672 1736 1698 non

110 1721 306 1772 pepercit.
369 1726 410 1759 et
448 1721 545 1760 nihil
578 1721 727 1762 horum
764 1725 1060 1764 contumeliam
1094 1726 1279 1766 dicimus.
1340 1730 1490 1779 quare?
1542 1729 1637 1780 quia
1668 1729 1736 1780 qui

63 1796 83 1829 3
111 1789 216 1837 fecit,
239 1796 509 1830 contemnere
531 1805 615 1831 non
636 1799 788 1845 potest.
833 1796 981 1834 eadem
1005 1809 1129 1835 causa
1152 1803 1224 1844 est,
1247 1811 1318 1836 cur
1339 1811 1416 1836 nos
1438 1799 1734 1850 mancipiorum

111 1867 350 1900 nostrorum
404 1862 614 1902 urbanitas
662 1864 702 1902 in
753 1865 947 1905 dominos
989 1867 1293 1907 contumeliosa
1324 1868 1516 1916 delectet,
1557 1883 1735 1920 quorum

110 1932 284 1970 audacia
315 1932 371 1971 ita
404 1933 574 1972 demum
606 1934 682 1973 sibi
714 1935 754 1973 in
787 1937 983 1976 conuiuas
1015 1937 1074 1976 ius
1106 1936 1219 1985 facit,
1261 1938 1293 1977 si
1326 1939 1464 1991 coepit
1496 1953 1519 1978 a
1552 1940 1735 1980 domino,
1756 1954 1788 1979 25

110 2007 152 2040 et
195 2008 239 2040 ut
281 2003 454 2054 quisque
497 2006 878 2057 contemptissimus
921 2013 962 2046 et
1005 2014 1048 2047 ut
1093 2008 1271 2048 ludibrio
1316 2010 1501 2048 maxime
1543 2017 1626 2057 est,
1680 2011 1735 2050 ita

115 2071 390 2112 solutissimae
423 2073 588 2125 linguae
621 2080 695 2114 est.
744 2077 897 2128 pueros
919 2078 1090 2130 quidam
1113 2079 1152 2117 in
1174 2079 1256 2118 hoc
1279 2086 1514 2120 mercantur
1535 2094 1734 2132 procaces

111 2149 151 2182 et
184 2142 348 2182 illorum
382 2144 668 2196 inpudentiam
701 2154 853 2186 acuunt
885 2162 933 2187 ac
964 2148 1041 2187 sub
1065 2149 1267 2201 magistro
1291 2150 1460 2198 habent,
1491 2151 1559 2203 qui
1581 2151 1736 2203 probra

110 2213 312 2252 meditate
357 2213 591 2264 effundant,
634 2229 712 2255 nec
744 2216 818 2256 has
850 2219 1124 2259 contumelias
1157 2233 1373 2268 uocamus,
1416 2222 1492 2260 sed
1523 2222 1730 2273 argutias:

750 2366 761 2381 ς

264 2367 331 2408 qd&

110 2389 129 2422 ζ)
156 2390 260 2422 sentit.
450 2391 469 2420 f»
498 2388 559 2433 illi}-
684 2393 704 2426 ὓ
731 2394 908 2436 adserimus
1030 2396 1146 2427 sentias
1174 2393 1244 2428 E':
1274 2397 1388 2426 sentiat
1506 2396 1520 2429 ἶ
1548 2398 1735 2438 comprimit

224 2460 264 2492 lt)
290 2461 436 2492 preterea
557 2464 563 2496 1
581 2464 590 2496 l
620 2460 659 2506 qo
682 2465 740 2498 illst
761 2466 882 2498 affectu
901 2464 991 2505 cod.²
1011 2465 1091 2498 ilem
1111 2463 1285 2505 Muretus,
1312 2464 1420 2510 eeetho
1440 2467 1531 2497 istum
1551 2466 1598 2509 (in
1619 2478 1734 2512 marg).

109 2514 149 2559 q⁰
170 2519 228 2550 illst
255 2520 374 2552 affectu
401 2530 444 2553 7η.
473 2523 482 2553 l
511 2520 668 2563 ileraae't)
822 2523 857 2555 1⁸3
886 2522 1030 2565 [animi],
1067 2523 1369 2563 magnanimitatem
1399 2522 1542 2557 Haase:
1573 2526 1671 2555 animi
1699 2524 1732 2557 ίη

105 2576 178 2619 fine
212 2587 360 2617 uersus;
393 2589 506 2622 snpra
542 2589 682 2613 uersum
719 2590 923 2614 coecurrens
957 2592 1000 2615 m.
1037 2590 1107 2614 rec.
1142 2579 1285 2614 addidit
1319 2583 1490 2614 sanitatem
1502 2586 1513 2621 ,‘
1549 2583 1648 2617 initio
1683 2583 1734 2616 in-

108 2646 288 2690 sequentis
313 2658 441 2681 uersus
465 2639 792 2691 magnianimitatem,
818 2662 926 2695 quam
954 2661 1074 2684 uocem
1102 2662 1145 2684 m.
1166 2653 1185 2684 4
1212 2651 1245 2684 ιἰι
1275 2651 1438 2696 marqe'ne
1463 2652 1607 2686 itcram'l

1505 2720 1520 2741 ς

116 2739 152 2771 1ἱῖ
179 2741 331 2782 quicquid
461 2742 496 2774 th·
523 2754 542 2774 a
567 2748 730 2775 contemtu
852 2744 882 2776 t?
913 2746 1083 2776 contemsit
1204 2744 1248 2778 ’26
1275 2747 1559 2788 contemptissimis
1592 2748 1732 2791 (marqn

110 2809 152 2830 m.
175 2799 193 2829 3
220 2798 502 2842 contemptissim')
625 2807 654 2834 et
680 2808 711 2833 ut
739 2804 881 2834 maxime
907 2803 1047 2835 ludibrio
1075 2808 1119 2835 est
1148 2801 1212 2845 12⁸2,
1239 2809 1269 2835 et
1295 2810 1327 2835 ut
1352 2805 1492 2836 ludibrio
1520 2807 1660 2837 maxime
1687 2815 1730 2837 est

112 2855 229 2890 li'och:
260 2863 290 2889 et
315 2865 347 2889 ut
372 2859 545 2891 ludibrium
573 2866 617 2892 cst
730 2864 774 2894 2*
803 2862 1004 2903 impudentia
1117 2862 1160 2896 2¹¹.)
1187 2864 1352 2894 effundant
1370 2862 1443 2896 Εἰς
1473 2866 1635 2896 effundunt
