2008 3221
214 113 297 152 200
431 108 535 134 DIAL.
558 106 608 132 IX.
647 106 702 130 AD
724 103 912 130 SERENVM
933 103 985 128 DE
1005 101 1358 134 TRANQVILLITATE
1377 101 1508 129 ANIMI.
1546 101 1572 128 3.
1593 102 1620 128 4.

213 205 379 253 officiis,
421 217 505 242 non
545 202 775 241 deserueris
806 213 884 239 nec
915 213 1065 238 munus
1096 199 1406 238 detrectaueris.
1468 211 1603 249 neque
1635 198 1744 236 enim
1776 195 1841 236 ille

213 276 325 316 solus
358 274 516 321 militat,
548 274 618 324 qui
648 272 688 310 in
721 273 806 311 acie
837 276 922 310 stat
954 276 996 309 et
1028 283 1158 309 cornu
1191 269 1390 309 dextrum
1421 267 1670 320 laeuomque
1700 266 1839 307 defen-

214 348 285 394 dit,
316 346 390 384 sed
422 346 491 397 qui
522 349 667 396 portas
699 348 837 381 tuetur
869 347 911 380 et
943 341 1123 379 statione
1155 340 1289 378 minus
1321 338 1563 391 periculosa,
1594 351 1679 377 non
1707 324 1844 378 otiosa

215 425 356 457 tamen
398 414 578 466 fungitur
621 412 861 464 uigiliasque
903 417 1042 450 seruat
1075 416 1117 450 et
1149 411 1472 449 armamentario
1504 414 1689 460 praeest:
1736 421 1843 460 quae

181 503 195 525 5
217 487 438 526 ministeria
466 486 656 537 quamuis
678 485 891 522 incruenta
912 483 1003 529 sint,
1037 482 1075 520 in
1097 494 1316 519 numerum
1339 480 1642 532 stipendiorum
1665 480 1842 518 ueniunt.

216 558 246 597 si
286 563 327 596 te
360 557 413 595 ad
457 554 595 595 studia
636 554 917 600 reuocaueris,
960 565 1088 591 omne
1130 551 1238 590 uitae
1280 550 1490 590 fastidium
1532 549 1725 602 effugeris
1767 562 1844 588 nec

215 635 385 668 noctem
429 626 515 665 fieri
558 624 724 678 optabis
766 624 907 663 taedio
950 622 1071 670 lucis,
1113 635 1190 660 nec
1234 620 1308 660 tibi
1350 621 1487 673 grauis
1533 620 1610 660 eris
1652 633 1729 659 nec
1760 619 1845 659 aliis

216 711 505 752 superuacuus.
569 695 722 735 multos
754 695 794 734 in
826 693 1046 733 amicitiam
1080 691 1274 731 adtrahes
1307 690 1547 744 adfluetque
1579 692 1633 730 ad
1665 696 1708 730 te
1739 690 1844 743 opti-

219 784 310 810 mus
352 768 537 820 quisque.
599 779 828 817 numquam
871 764 981 803 enim
1014 763 1204 815 quamuis
1237 762 1416 802 obscura
1446 763 1573 801 uirtus
1606 761 1727 810 latet,
1770 761 1847 800 sed

169 854 198 878 ιο
219 841 343 881 mittit
385 840 444 879 sui
485 840 625 890 signa:
672 836 854 888 quisquis
897 836 1046 887 dignus
1087 833 1226 882 fuerit,
1276 833 1460 885 uestigiis
1501 832 1612 872 illam
1655 831 1847 883 conliget.

217 925 315 951 nam
348 911 380 950 si
412 922 583 950 omnem
617 907 979 947 conuersationem
1018 904 1202 944 tollimus
1235 911 1277 944 et
1309 905 1451 956 generi
1482 903 1667 943 humano
1699 916 1846 943 renun-

217 984 366 1022 tiamus
410 981 668 1031 uiuimusque
699 979 739 1018 in
771 991 849 1017 nos
881 983 1052 1017 tantum
1087 976 1298 1024 conuersi,
1341 979 1536 1027 sequetur
1567 973 1675 1014 hanc
1705 973 1847 1014 solitu-

220 1055 359 1094 dinem
393 1052 507 1092 omni
540 1051 678 1090 studio
712 1055 924 1088 carentem
958 1048 1097 1100 inopia
1130 1059 1267 1086 rerum
1291 1046 1571 1098 agendarum:
1608 1044 1850 1097 incipiemus

219 1123 405 1165 aedificia
437 1122 515 1162 alia
546 1134 714 1174 ponere,
748 1119 826 1159 alia
857 1118 1100 1158 subuertere
1133 1123 1175 1157 et
1207 1130 1323 1156 mare
1355 1129 1624 1155 summouere
1657 1121 1698 1155 et
1721 1128 1850 1168 aquas

172 1209 200 1232 15
221 1202 367 1235 contra
409 1192 695 1233 difficultatem
737 1191 927 1230 locorum
971 1190 1148 1228 educere
1188 1194 1229 1227 et
1261 1187 1370 1227 male
1401 1187 1641 1239 dispensare
1673 1192 1851 1238 tempus,

221 1267 337 1319 quod
368 1265 489 1304 nobis
521 1269 669 1303 natura
701 1261 1034 1301 consumendum
1067 1259 1206 1299 dedit:
1243 1258 1307 1298 alii
1338 1271 1462 1311 parce
1494 1257 1562 1297 illo
1591 1257 1755 1305 utimur,
1788 1255 1852 1295 alii

221 1337 408 1391 prodige.
471 1335 536 1374 alii
568 1334 625 1373 sic
656 1333 941 1385 inpendimus,
984 1337 1029 1370 ut
1060 1330 1271 1383 possimus
1303 1329 1506 1368 rationem
1539 1328 1735 1375 reddere,
1777 1326 1854 1376 alii,

222 1415 266 1448 ut
318 1406 448 1446 nullas
501 1405 732 1444 habeamus
784 1402 995 1455 reliquias,
1048 1414 1130 1454 qua
1171 1414 1215 1440 re
1256 1399 1354 1439 nihil
1393 1399 1552 1452 turpius
1594 1404 1668 1438 est.
1729 1411 1855 1450 saepe

223 1467 390 1531 grandis
443 1483 542 1516 natu
594 1488 726 1515 senex
778 1473 934 1513 nullum
982 1472 1093 1511 aliud
1141 1471 1269 1510 habet
1317 1475 1632 1522 argumentum,
1684 1481 1769 1520 quo
1811 1481 1855 1508 se

169 1562 201 1587 20
222 1550 375 1603 probet
409 1549 477 1588 diu
510 1547 674 1594 uixisse,
706 1550 872 1598 praeter
904 1549 1099 1583 aetatem.

342 1620 415 1660 IV.
477 1618 599 1666 Mihi,
644 1616 853 1657 carissime
885 1614 1063 1662 Serene,
1105 1613 1224 1653 nimis
1266 1613 1430 1652 uidetur
1461 1610 1715 1651 summisisse
1747 1616 1852 1650 tem-

223 1692 395 1747 poribus
427 1705 471 1730 se
504 1689 822 1735 Athenodorus,
854 1686 974 1726 nimis
1007 1686 1089 1725 cito
1122 1684 1332 1736 refugisse.
1394 1696 1471 1723 nec
1503 1695 1584 1734 ego
1616 1681 1855 1734 negauerim

225 1764 449 1817 aliquando
500 1761 759 1807 cedendum,
808 1759 883 1798 sed
925 1757 1078 1797 sensim
1122 1755 1254 1795 relato
1296 1755 1430 1807 gradu
1472 1760 1513 1794 et
1555 1753 1677 1794 saluis
1719 1753 1856 1805 signis,

224 1835 339 1875 salua
381 1833 542 1873 militari
586 1831 809 1883 dignitate:
856 1829 1084 1868 sanctiores
1128 1827 1383 1878 tutioresque
1415 1830 1511 1865 sunt
1542 1824 1732 1864 hostibus
1764 1824 1858 1873 suis,

171 1918 204 1943 25
225 1908 295 1959 qui
346 1907 385 1944 in
437 1903 565 1943 fidem
618 1915 712 1941 cum
764 1901 888 1940 armis
931 1899 1110 1939 ueniunt.
1173 1897 1255 1937 hoc
1296 1903 1400 1949 puto
1443 1896 1582 1935 uirtuti
1623 1895 1858 1935 faciendum

226 1977 500 2027 studiosoque
543 1973 713 2012 uirtutis.
787 1972 819 2010 si
861 1969 1118 2024 praeualebit
1162 1968 1327 2008 fortuna
1369 1973 1410 2007 et
1452 1966 1665 2020 praecidet
1706 1966 1890 2018 agendi*

227 2047 480 2094 facultatem,
512 2058 597 2084 non
630 2044 772 2083 statim
804 2056 974 2082 auersus
1006 2041 1255 2092 inermisque
1288 2037 1418 2091 fugiat
1440 2037 1621 2078 latebras
1643 2050 1858 2090 quaerens,

227 2118 343 2170 quasi
386 2116 488 2156 ullus
530 2116 645 2155 locus
687 2115 760 2162 sit,
808 2114 873 2165 [in]
918 2126 1002 2165 quo
1046 2125 1129 2151 non
1166 2111 1300 2164 possit
1331 2109 1498 2149 fortuna
1528 2109 1741 2162 persequi,
1783 2108 1859 2148 sed

227 2188 388 2242 parcius
430 2202 474 2226 se
517 2185 662 2226 inferat
703 2184 849 2224 officiis
892 2189 934 2223 et
965 2196 1061 2222 cum
1095 2181 1247 2222 dilectu
1279 2181 1459 2220 inueniat
1491 2179 1662 2232 aliquid,
1705 2179 1744 2218 in
1775 2192 1859 2231 quo

175 2273 208 2295 κο
230 2258 336 2298 utilis
368 2258 519 2298 ciuitati
551 2259 612 2298 sit.
675 2255 850 2296 militare
882 2268 967 2294 non
996 2254 1112 2293 licet:
1150 2252 1335 2292 honores
1354 2257 1481 2304 petat.
1533 2252 1696 2303 priuato
1719 2250 1856 2290 uiuen-
1887 2264 1904 2295 ν

232 2331 332 2369 dum
377 2335 462 2368 est:
509 2328 559 2367 sit
601 2332 754 2366 orator.
817 2325 1023 2365 silentium
1057 2325 1254 2363 indictum
1289 2328 1371 2362 cst:
1419 2322 1544 2362 tacita
1585 2321 1862 2361 aduocatione

230 2401 339 2439 ciues
381 2401 503 2439 iuuet.
566 2397 841 2452 periculosum
885 2396 1010 2435 etiam
1053 2396 1240 2447 ingressu
1283 2393 1419 2433 sorum
1452 2398 1537 2433 est:
1580 2393 1619 2431 in
1653 2391 1860 2438 domibus,

386 2572 397 2587 5

233 2602 252 2633 :5
288 2583 464 2641 portahoefi
606 2597 624 2630 4
662 2601 766 2638 preest
905 2595 925 2628 ’ἶ
953 2595 1040 2636 tedio
1161 2592 1182 2625 ὅ
1217 2579 1335 2635 adtinet
1361 2603 1421 2634 que
1449 2596 1480 2623 at
1507 2596 1536 2623 te
1661 2590 1702 2622 10
1729 2589 1861 2630 colliget

364 2659 402 2691 12
437 2658 569 2690 conus-is
597 2656 728 2698 (altera
753 2668 767 2687 s
793 2656 912 2696 erasa)
1050 2654 1085 2686 135
1120 2654 1203 2685 offiis
1230 2655 1257 2695 (s
1284 2652 1390 2694 cras.)
1524 2650 1563 2683 1-1
1599 2650 1729 2681 edificia

233 2721 277 2752 22
303 2730 362 2750 nec
390 2729 451 2758 ego
479 2716 553 2750 El:
583 2728 623 2748 ne
649 2728 710 2757 ego
839 2716 883 2748 211
919 2714 1060 2757 pualeuit
1182 2712 1225 2746 27
1259 2722 1394 2754 querens
1528 2711 1571 2742 28
1607 2708 1666 2752 [in]
1693 2719 1756 2750 quo
1783 2705 1858 2740 E¹:

235 2781 331 2820 inquo
477 2777 522 2811 ,30
556 2778 677 2808 ciuitati
712 2774 929 2810 deteriores:
966 2774 1103 2805 ciuitatis
1248 2771 1388 2802 honores
1414 2773 1500 2811 petat
1527 2778 1620 2802 wms
1646 2766 1862 2802 deteriorum

235 2848 328 2874 corr.
344 2851 349 2870 :
378 2838 629 2880 honorespectat

1886 1981 1904 2014 (υ
