1977 3231
393 127 496 154 DIAL.
512 127 550 154 X.
588 127 642 152 AD
664 126 867 151 PAVLINVM
889 125 940 151 DE
961 124 1182 150 BREvl'rATE
1202 123 1331 150 VITAE.
1375 124 1413 149 ΙΙ.
1438 123 1478 149 12.
1660 127 1740 166 233

128 225 234 264 uotis
267 223 513 263 mendicant.
555 223 758 262 'minores
790 228 887 261 natu
921 221 1032 273 ipsos
1065 234 1155 260 esse
1186 220 1358 272 fingunt.
1421 220 1639 259 mendacio
1669 220 1745 258 sibi

128 294 392 334 blandiuntur
424 299 464 333 et
497 300 582 333 tam
616 293 792 332 libenter
823 306 869 332 se
901 291 1043 331 fallunt
1075 305 1200 343 quam
1235 291 1266 329 si
1300 304 1379 329 una
1412 289 1495 330 fata
1526 289 1745 341 decipiant.

128 365 207 404 iam
242 351 340 403 uero
373 378 465 404 cum
499 363 588 403 illos
620 363 755 415 aliqua
783 361 1023 402 inbecillitas
1053 361 1316 401 mortalitatis
1339 362 1567 409 admonuit,
1600 375 1744 413 quem-

127 435 359 474 admodum
392 440 591 486 pauentes
625 433 871 481 moriuntur,
904 446 987 472 non
1020 438 1235 483 tamquam
1269 437 1422 471 exeant
1455 432 1506 471 de
1540 432 1639 480 uita,
1671 433 1747 472 sed

90 528 92 531 ·
127 511 340 556 tamquam
371 504 652 544 extrahantur.
715 503 863 544 stultos
887 517 931 542 se
954 502 1086 549 fuisse,
1119 502 1291 554 quinon
1314 502 1503 550 uixerint,
1536 502 1748 542 clamitant
1785 513 1800 536 5

127 581 191 623 et,
233 576 266 614 si
309 575 439 614 modo
483 575 687 615 euaserint
719 589 772 614 ex
807 574 871 613 illa
905 573 1159 620 ualetudine,
1204 572 1243 611 in
1276 573 1363 612 otio
1397 573 1586 611 uicturos,
1650 578 1748 612 tunc

127 658 251 697 quam
283 644 433 685 frustra
464 647 719 698 parauerint,
763 645 911 696 quibus
944 657 1027 683 non
1060 642 1311 690 fruerentur,
1353 657 1479 695 quam
1513 643 1550 681 in
1583 657 1747 683 cassum

81 726 100 760 ἱ)
127 716 262 755 omnis
304 716 497 756 ceciderit
529 713 676 763 labor,
720 716 916 766 cogitant.
979 719 1021 754 at
1062 713 1210 766 quibus
1252 714 1335 752 uita
1373 713 1516 765 procul
1549 714 1601 753 ab
1634 714 1748 753 omni

129 787 299 838 negotio
341 787 494 838 agitur,
536 786 678 838 quidni
710 786 895 837 spatiosa
926 784 1005 824 sit?
1059 783 1156 823 nihil
1189 797 1243 822 ex
1276 783 1342 822 illa
1373 783 1610 835 delegatur,
1653 784 1749 823 nihil

129 856 209 896 alio
241 863 366 909 atque
397 856 478 896 alio
509 857 735 907 spargitur,
769 854 866 895 nihil
899 855 995 894 inde
1028 853 1218 894 fortunae
1250 854 1445 901 traditur,
1479 854 1575 893 nihil
1608 854 1747 905 negle-
1773 862 1802 887 ¹⁰

128 928 269 979 gentia
309 928 466 975 interit,
508 926 606 966 nihil
645 926 862 978 largitione
901 924 1152 972 detrahitur,
1194 924 1290 963 nihil
1322 938 1624 976 superuacuum
1657 931 1745 965 est:

127 1005 238 1046 tota,
271 1004 315 1038 ut
347 998 402 1037 ita
436 998 592 1045 dicam,
629 998 667 1036 in
701 998 836 1036 reditu
869 1002 941 1036 est.
1004 995 1380 1049 quantulacumque
1413 995 1552 1047 itaque
1584 995 1751 1035 abunde

126 1068 272 1109 sufficit
315 1075 356 1109 et
382 1069 506 1117 ideo,
548 1069 803 1121 quandoque
835 1067 1001 1107 ultimus
1035 1067 1121 1106 dies
1154 1067 1332 1114 uenerit,
1375 1080 1457 1105 non
1484 1066 1751 1105 'cunctabitur

126 1141 288 1193 sapiens
320 1142 378 1180 ire
410 1139 462 1179 ad
496 1145 676 1178 mortem
711 1144 826 1178 certo
859 1139 1004 1190 gradu.

86 1221 94 1253 1
245 1210 335 1250 ΧΠ.
379 1209 554 1262 Quaeris
587 1209 775 1257 fortasse,
807 1223 912 1262 quos
946 1214 1174 1261 occupatos
1207 1210 1381 1248 uocem?
1435 1221 1518 1248 non
1550 1214 1613 1247 est
1635 1208 1750 1259 quod
1776 1214 1804 1239 ¹5

127 1295 195 1321 me
227 1280 340 1321 solos
372 1287 493 1333 putes
522 1281 672 1328 dicere,
705 1294 810 1332 quos
839 1294 862 1319 e
884 1279 1052 1319 basilica
1073 1279 1227 1318 inmissi
1250 1279 1421 1318 demum
1445 1292 1567 1318 canes
1590 1279 1750 1325 eiciunt,

127 1365 232 1404 quos
273 1357 344 1390 aut
384 1353 424 1391 in
465 1365 539 1391 sua
582 1351 697 1390 uides
739 1351 863 1390 turba
904 1350 1129 1403 speciosius
1173 1348 1265 1389 elidi
1306 1355 1376 1389 aut
1416 1350 1457 1389 in
1489 1349 1620 1388 aliena
1653 1362 1749 1388 con-

127 1423 349 1474 temptius,
398 1436 503 1474 quos
546 1421 683 1461 officia
725 1422 919 1461 domibus
962 1421 1042 1460 suis
1085 1426 1283 1468 euocant,
1327 1426 1371 1459 ut
1414 1420 1552 1460 alienis
1595 1419 1752 1459 foribus

128 1492 306 1545 nlidant,
350 1505 452 1543 qnos
494 1491 614 1532 hasta
656 1494 860 1543 praetoris
903 1490 1041 1531 infami
1085 1490 1198 1530 lucro
1232 1497 1274 1530 et
1306 1491 1561 1543 quandoque
1592 1504 1745 1542 suppu-

78 1577 97 1608 -3
128 1570 269 1603 raturo
312 1569 492 1602 exercet.
555 1563 818 1615 quorundam
862 1563 993 1602 otium
1039 1548 1297 1614 occupatum
1333 1568 1419 1601 est:
1467 1562 1505 1600 in
1550 1560 1642 1600 uilla
1683 1567 1753 1600 aut
1773 1568 1806 1592 20

132 1635 170 1673 in
203 1634 311 1673 lecto
344 1648 432 1681 suo,
466 1635 505 1672 in
539 1634 676 1673 media
707 1633 939 1680 solitudine,
972 1632 1161 1685 quamuis
1193 1632 1246 1672 ab
1276 1632 1470 1672 omnibus
1500 1631 1753 1679 recesserint,

130 1705 207 1744 sibi
250 1705 325 1757 ipsi
368 1704 533 1744 molesti
565 1710 684 1744 sunt:
731 1718 909 1756 quorum
943 1718 1025 1743 non
1059 1705 1195 1743 otiosa
1229 1704 1311 1742 uita
1344 1703 1521 1742 dicenda
1553 1709 1637 1749 est,
1679 1703 1754 1741 sed

131 1776 340 1815 desidiosa
373 1777 591 1827 occupatio
666 1774 781 1814 illum
813 1780 858 1814 tu
891 1775 1072 1814 otiosum
1103 1787 1228 1813 uocas
1251 1774 1319 1826 qui
1343 1773 1567 1820 Corinthia,
1598 1786 1752 1825 pauco-

133 1859 223 1885 rum
256 1845 393 1885 furore
424 1847 619 1898 pretiosa,
651 1847 775 1886 anxia
807 1845 1034 1899 suptilitate
1066 1847 1286 1885 concinnat
1309 1851 1350 1885 et
1373 1845 1572 1884 maiorem
1595 1844 1753 1884 dierum

133 1923 296 1969 partem
337 1917 376 1956 in
420 1917 674 1969 aeruginosis
716 1916 888 1956 lamellis
931 1918 1163 1956 consumit?
1216 1916 1354 1968 quiin
1387 1921 1598 1955 ceromate
1632 1917 1756 1967 (nam,
1775 1921 1808 1945 ‘25

126 2002 203 2040 pro
236 1986 403 2036 facinus,
439 2001 490 2027 ne
523 1988 725 2027 Romanis
758 1989 929 2040 quidem
962 1987 1067 2027 uitiis
1090 1986 1347 2035 laboramus)
1371 1992 1585 2039 spectator
1607 1998 1753 2037 puero-

128 2071 217 2097 rum
261 2059 484 2098 rixantium
525 2058 671 2097 sedet?
725 2059 793 2111 qui
833 2060 1065 2098 uinctorum
1099 2071 1268 2097 suorum
1301 2070 1452 2109 greges
1484 2057 1523 2096 in
1556 2056 1754 2096 aetatium

81 2142 100 2174 :3
128 2134 169 2168 et
202 2128 389 2169 colorum
423 2129 538 2181 paria
570 2130 753 2169 diducit?
807 2130 874 2181 qui
906 2128 1084 2168 athletas
1117 2127 1395 2167 nobilissimos
1427 2128 1588 2180 pascit?
1632 2126 1753 2178 quid?

127 2199 217 2238 illos
260 2200 420 2239 otiosos
463 2213 608 2246 uocas,
651 2199 798 2251 quibus
841 2200 951 2252 apud
994 2205 1209 2238 tonsorem
1254 2197 1410 2238 multae
1454 2197 1581 2237 horae
1623 2203 1754 2236 trans-

247 2334 277 2351 ΞΕ
501 2335 516 2350 Ι]

138 2363 143 2395 1
176 2366 251 2394 natu
278 2363 366 2404 ipsos
489 2363 588 2404 figunt
709 2365 729 2396 ’Δ
756 2367 785 2394 et
813 2367 878 2394 tam
907 2361 987 2395 olim
1017 2372 1133 2396 c07·7·.:
1163 2363 1228 2395 etia
1348 2361 1367 2392 ι’»
1402 2362 1455 2402 qui
1480 2358 1642 2404 Modum,
1669 2361 1756 2402 quod

865 2428 876 2444 S
969 2428 975 2444 l
1199 2425 1209 2444 ἶ

130 2454 204 2489 Εἰς
234 2461 265 2487 ut
388 2458 406 2486 «i
436 2457 612 2488 ualitudine
738 2457 753 2489 Γ
781 2458 895 2489 incasfi
916 2468 987 2488 oms
1106 2455 1144 2489 10
1171 2457 1248 2498 adq3
1368 2455 1407 2489 lb*
1434 2466 1451 2487 e
1469 2455 1605 2486 basilica
1627 2453 1753 2488 Gerlzz
1807 2452 1817 2460 “

129 2515 285 2546 abasilica
438 2516 574 2547 demi-1³«-
728 2514 768 2548 18
803 2516 896 2547 suis-›1-
1055 2515 1091 2547 13)
1125 2526 1204 2556 quos
1230 2516 1322 2545 hasta
1354 2511 1546 2547 Pincianus
1573 2515 1639 2555 (aut
1665 2514 1757 2544 hasta

688 2581 695 2597 1
1310 2581 1326 2596 n

130 2606 317 2652 Maestum:
346 2609 440 2640 hasta
561 2609 605 2641 20
642 2610 739 2640 inulla
860 2609 900 2642 25
942 2611 1081 2650 pretiosa
1203 2609 1353 2639 concinat
1475 2608 1518 2641 22⁷»
1546 2608 1756 2648 ineruginosis

261 2668 356 2699 inche
374 2679 467 2699 roma
485 2671 569 2701 tem—t.
597 2669 783 2709 profacinus
904 2668 947 2701 20·
975 2672 1136 2708 spectator
1164 2665 1238 2700 Effi:
1267 2671 1406 2698 sectator
1527 2666 1565 2700 ⁴21
1597 2666 1684 2696 sedet
1713 2667 1755 2703 (et

130 2725 164 2758 in
185 2732 273 2765 ras.)
388 2725 431 2759 27
451 2727 631 2758 uinctorum
651 2726 877 2772 Bonqarsz'us
897 2728 1124 2768 (iumentorum
1147 2724 1290 2765 (ἔμπης
1321 2727 1461 2762 iuncto&
1558 2726 1602 2758 ²2&
1621 2725 1757 2756 athletas

131 2784 175 2818 (al
203 2783 313 2826 corr.)
452 2786 672 2817 nobilissimos
692 2784 790 2819 Ji'och
812 2785 1012 2826 (notissimos
1035 2784 1192 2828 Lipsius:
1223 2786 1313 2815 nouis
1332 2786 1414 2816 cibis
1435 2783 1619 2827 Madmjrffi:
1649 2784 1754 2814 noui<-

130 2843 230 2873 simos
351 2843 395 2876 25»
422 2854 520 2875 uocas
547 2844 573 2885 (s
600 2854 696 2878 corr.
726 2854 775 2877 ea?
802 2843 824 2886 ι)
938 2850 1013 2885 aput
1040 2843 1064 2887 (t
1091 2853 1186 2877 corr.
1213 2843 1247 2876 τή
1275 2844 1309 2883 d)
