2008 3221
256 116 311 155 38
760 110 866 137 DIAL.
888 109 940 135 111.
964 109 1016 134 DE
1037 109 1105 134 IRA
1126 109 1198 135 LIB.
1222 109 1243 136 Ι.
1265 112 1290 136 2.
1312 112 1337 137 3.

255 209 415 248 moriae
447 208 639 260 proditos
673 207 812 254 duces,
847 205 943 244 mali
976 204 1175 258 exempla
1205 204 1302 244 fati:
1341 205 1466 245 alium
1499 206 1557 245 ira
1588 206 1628 245 in
1660 206 1783 245 cubili
1814 219 1892 245 suo

257 278 456 326 confodit,
491 279 614 316 alium
648 278 753 315 intra
784 289 903 315 sacra
935 288 1105 315 mensae
1138 276 1224 314 iura
1246 277 1459 328 percussit,
1493 276 1617 316 aliurn
1639 277 1744 316 inter
1776 276 1891 329 leges

257 349 514 400 celebrisque
547 346 831 399 spectaculum
874 345 951 385 fori
991 346 1224 394 Iancinauit,
1267 345 1391 385 alium
1424 345 1494 385 filii
1535 348 1758 400 parricidio
1791 348 1919 393 dare,

256 419 501 469 sanguinem
546 417 680 465 iussit,
731 417 854 456 alium
898 417 1033 456 seruili
1085 430 1211 456 manu
1263 416 1449 468 regalem
1492 418 1651 470 aperire
1692 417 1892 469 iugulum,

203 503 218 525 1»
256 489 380 528 alium
414 489 453 526 in
486 501 606 527 cruce
639 487 832 526 membra
865 487 1116 526 distendere.
1170 493 1212 526 et
1240 486 1378 526 adhuc
1406 487 1664 556 singulorum
1693 488 1892 560 supplicia
1917 494 1938 527 3

257 572 403 598 narro:
461 559 571 610 quid,
624 558 656 597 si
699 557 772 596 tibi
814 557 978 597 libuerit
1022 557 1171 597 relictis
1210 558 1249 596 in
1292 571 1399 609 quos
1447 558 1506 597 ira
1547 559 1706 598 uirltim
1736 559 1892 598 exarsit

253 630 469 681 adspicere
502 642 643 668 caesas
677 627 818 679 gladio
863 629 1080 668 contiones
1123 634 1164 667 et
1206 627 1377 680 plebem
1419 628 1589 668 inmisso
1631 629 1759 668 milite
1791 642 1888 668 con-

252 701 503 740 trucidatam
557 705 599 738 et
641 699 680 737 in
732 698 957 751 perniciem
1010 699 1294 751 promiscuam
1347 704 1462 738 totos
1513 699 1694 751 populos
1747 700 1891 752 capitis

253 772 475 810 damnatos
508 791 527 811 ,ις
547 791 564 810 ,μ
583 792 601 812 ss

203 858 231 881 ιω
372 862 390 882 >k
410 863 428 883 ,μ
448 862 466 882 21<
489 848 706 892 tamquam
726 846 797 879 aut
815 853 956 879 curam
980 845 1167 879 nostram
1192 839 1480 879 deserentibus
1502 846 1574 879 aut
1595 841 1889 880 auctoritatem
1915 845 1938 879 4

255 911 632 966 contemnentibus.
695 911 823 962 quid?
874 910 1177 963 gladiatoribus
1229 924 1358 963 quare
1399 911 1580 963 populus
1622 912 1807 951 irascitur
1849 919 1890 951 et

251 978 339 1022 tam
373 983 529 1033 inique,
574 987 619 1020 ut
661 982 848 1021 iniuriam
882 987 1022 1034 putet,
1067 983 1185 1034 quod
1217 995 1302 1021 non
1334 981 1513 1021 libenter
1545 985 1747 1034 pereunt?
1789 996 1888 1022 con-

251 1054 381 1091 temni
413 1066 458 1091 se
482 1053 635 1092 iudicat
669 1059 710 1092 et
733 1052 860 1101 uoltu,
881 1043 1028 1105 *gesta
1061 1053 1213 1092 ardore
1235 1066 1259 1092 a
1280 1059 1520 1106 spectatore
1542 1053 1581 1092 in
1604 1053 1888 1092 aduersarium

252 1124 432 1162 uertitur.
484 1123 684 1175 quidquid
718 1119 781 1163 est
813 1123 906 1172 tale,
940 1137 1024 1163 non
1057 1129 1120 1163 est
1153 1125 1221 1171 ira,
1255 1123 1328 1162 sed
1362 1125 1478 1175 quasi
1507 1124 1576 1172 ira«,
1609 1124 1714 1163 sicut
1736 1137 1886 1176 puero-
1915 1129 1936 1162 εἷ»

201 1210 232 1233 15
253 1207 356 1242 rum,
390 1194 459 1245 qui
491 1195 523 1233 si
557 1195 807 1243 ceciderunt,
840 1201 993 1234 terram
1028 1195 1237 1234 uerberari
1270 1195 1416 1234 uolunt
1450 1201 1491 1234 et
1513 1209 1639 1247 saepe
1671 1208 1724 1234 ne
1756 1196 1889 1234 sciunt

251 1266 433 1317 quidem,
468 1279 539 1304 cur
570 1266 808 1313 irascantur,
852 1267 927 1305 sed
970 1272 1134 1305 tantum
1169 1267 1409 1314 irascuntur,
1452 1266 1539 1305 sine
1572 1279 1696 1305 causa
1729 1271 1770 1304 et
1802 1266 1888 1305 sine

251 1337 405 1383 iniuria,
439 1349 525 1375 non
548 1342 691 1375 tamen
713 1338 800 1375 sine
824 1336 961 1389 aliqua
993 1338 1163 1376 iniuriae
1186 1339 1325 1388 specie
1359 1351 1435 1376 nec
1457 1338 1545 1376 sine
1567 1336 1703 1389 aliqua
1724 1349 1889 1388 poenae

251 1408 488 1459 cupiditate.
564 1407 818 1447 deluduntur
867 1409 1006 1460 itaque
1048 1409 1279 1447 imitatione
1320 1407 1540 1460 plagarum
1594 1413 1636 1447 et
1686 1407 1888 1446 simulatis

251 1477 564 1530 deprecantium
587 1477 766 1517 lacrimis
797 1479 1015 1531 placantur
1038 1485 1079 1518 et
1111 1478 1214 1518 falsa
1237 1477 1395 1517 ultione
1428 1477 1552 1517 falsus
1576 1477 1698 1543 dolor
1719 1477 1886 1517 tollitur.

196 1563 228 1587 20
367 1549 433 1588 III.
496 1549 731 1598 Irascimur,
775 1549 921 1602 inquit,
955 1563 1081 1602 saepe
1119 1563 1205 1588 non
1247 1549 1322 1588 illis
1355 1549 1423 1601 qui
1466 1548 1691 1597 laeserunt,
1734 1549 1809 1588 sed
1842 1549 1887 1588 iis
1918 1553 1935 1586 l

248 1620 316 1671 qui
349 1619 495 1659 laesuri
528 1626 644 1659 sunt:
693 1626 736 1660 ut
776 1621 880 1660 scias
912 1620 1015 1660 iram
1048 1634 1132 1659 non
1166 1634 1221 1659 ex
1260 1620 1404 1659 iniuria
1436 1621 1558 1659 nasci.
1636 1633 1782 1659 uerum
1824 1626 1887 1659 est

248 1691 364 1729 irasci
407 1704 484 1729 nos
527 1690 718 1740 laesurIs,
761 1693 837 1731 sed
882 1692 969 1744 ipsa
1012 1692 1270 1744 cogitatione
1302 1705 1378 1730 nos
1411 1691 1592 1739 laedunt,
1627 1697 1668 1730 et
1700 1691 1886 1730 iniuriam

249 1762 316 1813 qui
349 1760 530 1800 facturus
563 1769 636 1810 est,
675 1763 757 1801 iam
791 1762 899 1802 facit.
962 1769 1007 1802 ut
1038 1763 1154 1810 scias,
1187 1763 1327 1814 inquit,
1361 1776 1445 1801 non
1477 1775 1569 1801 esse
1597 1762 1700 1801 iram
1722 1774 1886 1814 poenae
1912 1767 1934 1800 2

249 1833 532 1883 cupiditatem,
560 1832 824 1873 infirmissimi
852 1847 979 1886 saepe
1001 1833 1299 1886 potentissimis
1321 1834 1561 1872 irascuntur.
1605 1846 1682 1871 nec
1704 1846 1886 1884 poenam

196 1916 228 1940 27,
250 1903 547 1955 concupiscunt
594 1917 720 1956 quam
764 1918 849 1943 non
897 1910 1077 1957 sperant.
1149 1905 1329 1957 primum
1380 1905 1563 1943 diximus
1613 1904 1886 1956 cupiditatem

253 1986 343 2012 6556
396 1988 559 2025 poenae
612 1976 865 2027 exigendae,
919 1989 1004 2030 non
1056 1975 1310 2014 facultatem.
1394 1976 1692 2028 concupiscunt
1744 1982 1885 2014 autem

249 2043 439 2083 homines
472 2052 513 2084 et
545 2059 652 2097 quae
684 2059 769 2085 non
799 2053 985 2099 possunt.
1049 2047 1201 2086 deinde
1233 2059 1360 2085 nemo
1395 2052 1481 2085 tam
1515 2046 1678 2085 humilis
1711 2053 1784 2094 est,
1817 2046 1885 2098 qui

251 2128 431 2165 poenam
465 2115 541 2154 uel
585 2117 737 2156 summi
779 2116 961 2156 hominis
1001 2131 1165 2185 speiaie
1208 2131 1293 2156 non
1335 2117 1491 2169 possit:
1539 2118 1593 2156 ad
1645 2118 1894 2157 nocendum*

250 2192 445 2237 potentes
487 2200 639 2226 sumus.
704 2188 945 2227 Aristotelis
983 2188 1113 2227 finitio
1167 2202 1251 2227 non
1294 2187 1472 2227 multum
1512 2201 1536 2226 a
1576 2194 1720 2227 nostra
1752 2188 1883 2227 abest.
1911 2190 1933 2222 -ἶῖ

197 2270 230 2292 3⁴)
251 2256 307 2294 ait
359 2257 467 2295 enim
520 2258 621 2297 iram
676 2272 766 2298 esse
820 2259 1091 2312 cupiditatem
1136 2259 1292 2298 doloris
1335 2248 1584 2311 reponendl
1640 2259 1739 2311 quid
1781 2259 1886 2298 inter

251 2332 438 2365 nostram
482 2334 523 2367 et
564 2328 672 2368 hanc
704 2329 934 2369 finitionem
967 2330 1146 2378 intersit,
1191 2331 1342 2382 exequi
1386 2330 1559 2381 longum
1603 2337 1678 2369 est.
1740 2335 1886 2369 contra

250 2479 269 2510 '3
298 2479 365 2509 riise
509 2481 576 2510 iura
604 2481 664 2520 (ira
693 2480 821 2526 Ncup.)
849 2481 967 2514 malim
996 2481 1119 2515 abesse
1145 2480 1192 2525 cf.
1227 2481 1306 2515 Tac.
1335 2492 1418 2515 ann.
1449 2484 1477 2522 1,
1498 2484 1541 2514 42
1568 2493 1661 2513 sacra
1688 2483 1879 2523 legationis;

252 2538 281 2575 2,
302 2540 344 2569 (¹1³3
365 2548 457 2568 sacra
485 2540 591 2590 regnig
626 2542 677 2579 13,
706 2543 744 2572 1⁴5
773 2542 853 2572 inter
878 2552 972 2572 sacra
998 2552 1145 2574 mensae:
1180 2539 1258 2574 Val.
1288 2539 1392 2575 Max.
1421 2543 1452 2579 5,
1473 2544 1502 2584 3,
1524 2542 1542 2574 3
1571 2553 1589 2572 a
1614 2542 1714 2572 sacris
1740 2541 1885 2582 perfidae

251 2608 380 2627 mensae
535 2602 561 2629 it
590 2598 674 2639 leges
702 2598 799 2642 quod
825 2604 876 2633 esc
903 2601 984 2631 inter
1009 2601 1096 2641 leges
1115 2599 1206 2640 cod„
1232 2610 1339 2644 quam
1356 2600 1576 2645 scripturam
1595 2611 1616 2633 α
1634 2599 1884 2645 superioribus

249 2653 448 2687 editoribus
478 2654 561 2698 sere
596 2661 769 2690 relenlam
801 2668 871 2691 uon
907 2662 960 2692 cst
992 2668 1058 2692 cm·
1091 2658 1290 2693 abiciamus
1460 2659 1478 2689 ἵ)
1508 2660 1689 2691 distendere
1716 2658 1879 2704 Lipsius:

250 2713 420 2745 diffindere
555 2715 564 2747 ἶ
598 2718 742 2756 aspicere
879 2720 900 2744 Η
927 2719 1044 2759 capitis
1071 2719 1243 2750 damnatos
1269 2715 1439 2763 flsadm'q:
1470 2720 1585 2760 capitis
1612 2720 1757 2760 dampna

256 2772 292 2803 115
320 2773 405 2803 uultu
528 2772 559 2805 13
591 2775 710 2815 quich
831 2776 866 2808 113
894 2787 949 2807 cur
978 2776 1171 2810 Gruterus:
1202 2779 1252 2809 cui
1360 2777 1400 2811 l'a‘
1426 2788 1508 2819 pene
1614 2780 1658 2811 2⁰
1685 2784 1716 2811 σί
1743 2778 1786 2811 23
1814 2779 1885 2819 inqt

250 2834 275 2865 <t
303 2841 413 2873 cars.)
560 2834 603 2865 213
632 2838 664 2866 el
691 2835 734 2866 :3ss
762 2846 843 2875 1¹9¹¹9
989 2835 1028 2868 ‘2⁷3
1060 2842 1092 2870 et
1119 2837 1162 2870 2⁸
1189 2839 1277 2878 pensi
