<?xml version="1.0" encoding="UTF-8"?>
<!DOCTYPE html PUBLIC "-//W3C//DTD XHTML 1.0 Transitional//EN"
    "http://www.w3.org/TR/xhtml1/DTD/xhtml1-transitional.dtd">
<html xmlns="http://www.w3.org/1999/xhtml" xml:lang="en" lang="en">
 <head>
  <title>
</title>
<meta http-equiv="Content-Type" content="text/html;charset=utf-8" />
  <meta name='ocr-system' content='tesseract 3.04.00' />
  <meta name='ocr-capabilities' content='ocr_page ocr_carea ocr_par ocr_line ocrx_word'/>
</head>
<body>
  <div class='ocr_page' id='page_1' title='image "./dialogorumlibrid00seneuoft_0325.png"; bbox 0 0 1977 3231; ppageno 0'>
   <div class='ocr_carea' id='block_1_1' title="bbox 108 950 128 984">
    <p class='ocr_par' dir='ltr' id='par_1_1' title="bbox 108 950 128 984">
     <span class='ocr_line' id='line_1_1' title="bbox 108 950 128 984; textangle 90"><span class='ocrx_word' id='word_1_1' title='bbox 108 950 128 984; x_wconf 69' lang='lat'>10</span> 
     </span>
    </p>
   </div>
   <div class='ocr_carea' id='block_1_2' title="bbox 108 2220 127 2252">
    <p class='ocr_par' dir='ltr' id='par_1_2' title="bbox 108 2220 127 2252">
     <span class='ocr_line' id='line_1_2' title="bbox 108 2220 127 2252; textangle 90"><span class='ocrx_word' id='word_1_2' title='bbox 108 2220 127 2252; x_wconf 63' lang='lat'>27¹</span> 
     </span>
    </p>
   </div>
   <div class='ocr_carea' id='block_1_3' title="bbox 439 141 1773 190">
    <p class='ocr_par' dir='ltr' id='par_1_3' title="bbox 439 141 1773 190">
     <span class='ocr_line' id='line_1_3' title="bbox 439 141 1773 190; baseline 0.005 -23"><span class='ocrx_word' id='word_1_3' title='bbox 439 142 542 170; x_wconf 75' lang='lat' dir='ltr'><strong>DIAL.</strong></span> <span class='ocrx_word' id='word_1_4' title='bbox 558 141 622 168; x_wconf 76' lang='grc' dir='ltr'>ΧΠ.</span> <span class='ocrx_word' id='word_1_5' title='bbox 663 142 717 168; x_wconf 84' lang='lat' dir='ltr'>AD</span> <span class='ocrx_word' id='word_1_6' title='bbox 741 142 937 169; x_wconf 68' lang='lat' dir='ltr'>POLYBIVM</span> <span class='ocrx_word' id='word_1_7' title='bbox 961 145 1012 170; x_wconf 89' lang='lat' dir='ltr'>DE</span> <span class='ocrx_word' id='word_1_8' title='bbox 1033 145 1355 173; x_wconf 77' lang='lat' dir='ltr'>CONSOLATIONE.</span> <span class='ocrx_word' id='word_1_9' title='bbox 1398 148 1493 173; x_wconf 78' lang='grc' dir='ltr'>Η.15.</span> <span class='ocrx_word' id='word_1_10' title='bbox 1692 150 1773 190; x_wconf 74' lang='lat'>287</span> 
     </span>
    </p>
   </div>
   <div class='ocr_carea' id='block_1_4' title="bbox 153 237 1779 2269">
    <p class='ocr_par' dir='ltr' id='par_1_4' title="bbox 155 237 1775 361">
     <span class='ocr_line' id='line_1_4' title="bbox 156 237 1775 295; baseline 0.003 -18"><span class='ocrx_word' id='word_1_11' title='bbox 156 238 217 277; x_wconf 92' lang='lat' dir='ltr'>uir</span> <span class='ocrx_word' id='word_1_12' title='bbox 247 238 287 277; x_wconf 92' lang='lat' dir='ltr'>in</span> <span class='ocrx_word' id='word_1_13' title='bbox 319 237 400 277; x_wconf 91' lang='lat' dir='ltr'>hoc</span> <span class='ocrx_word' id='word_1_14' title='bbox 428 245 560 287; x_wconf 85' lang='lat' dir='ltr'>natus,</span> <span class='ocrx_word' id='word_1_15' title='bbox 593 253 645 278; x_wconf 90' lang='lat' dir='ltr'>ne</span> <span class='ocrx_word' id='word_1_16' title='bbox 674 239 763 280; x_wconf 91' lang='lat' dir='ltr'>urbi</span> <span class='ocrx_word' id='word_1_17' title='bbox 786 240 1005 280; x_wconf 83' lang='lat' dir='ltr'>Romanae</span> <span class='ocrx_word' id='word_1_18' title='bbox 1027 247 1098 281; x_wconf 87' lang='lat' dir='ltr'>aut</span> <span class='ocrx_word' id='word_1_19' title='bbox 1119 240 1259 295; x_wconf 83' lang='lat' dir='ltr'>Scipio</span> <span class='ocrx_word' id='word_1_20' title='bbox 1283 243 1447 282; x_wconf 79' lang='lat' dir='ltr'><strong>deesset</strong></span> <span class='ocrx_word' id='word_1_21' title='bbox 1469 248 1539 282; x_wconf 90' lang='lat' dir='ltr'>aut</span> <span class='ocrx_word' id='word_1_22' title='bbox 1563 242 1775 295; x_wconf 79' lang='lat' dir='ltr'>Carthago</span> 
     </span>
     <span class='ocr_line' id='line_1_5' title="bbox 155 314 401 361; baseline 0 -13"><span class='ocrx_word' id='word_1_23' title='bbox 155 314 401 361; x_wconf 84' lang='lat' dir='ltr'><strong>superesset.</strong></span> 
     </span>
    </p>

    <p class='ocr_par' dir='ltr' id='par_1_5' title="bbox 153 379 1779 2269">
     <span class='ocr_line' id='line_1_6' title="bbox 273 379 1776 436; baseline 0.003 -18"><span class='ocrx_word' id='word_1_24' title='bbox 273 379 368 418; x_wconf 88' lang='lat' dir='ltr'>XV.</span> <span class='ocrx_word' id='word_1_25' title='bbox 410 379 504 431; x_wconf 55' lang='lat'>[34]</span> <span class='ocrx_word' id='word_1_26' title='bbox 541 379 653 432; x_wconf 75' lang='lat' dir='ltr'>Quid</span> <span class='ocrx_word' id='word_1_27' title='bbox 676 380 851 421; x_wconf 88' lang='lat' dir='ltr'>referam</span> <span class='ocrx_word' id='word_1_28' title='bbox 874 382 1051 421; x_wconf 93' lang='lat' dir='ltr'>duorum</span> <span class='ocrx_word' id='word_1_29' title='bbox 1075 382 1342 422; x_wconf 87' lang='lat' dir='ltr'>Lucullorum</span> <span class='ocrx_word' id='word_1_30' title='bbox 1365 382 1615 436; x_wconf 77' lang='lat' dir='ltr'><strong>diremptam</strong></span> <span class='ocrx_word' id='word_1_31' title='bbox 1639 389 1776 423; x_wconf 89' lang='lat' dir='ltr'>morte</span> 
     </span>
     <span class='ocr_line' id='line_1_7' title="bbox 156 451 1774 505; baseline 0.004 -18"><span class='ocrx_word' id='word_1_32' title='bbox 156 451 450 489; x_wconf 77' lang='lat' dir='ltr'>concordiam?</span> <span class='ocrx_word' id='word_1_33' title='bbox 514 451 613 502; x_wconf 84' lang='lat' dir='ltr'>quid</span> <span class='ocrx_word' id='word_1_34' title='bbox 656 451 906 504; x_wconf 89' lang='lat' dir='ltr'>Pompeios?</span> <span class='ocrx_word' id='word_1_35' title='bbox 969 453 1117 505; x_wconf 81' lang='lat' dir='ltr'>quibus</span> <span class='ocrx_word' id='word_1_36' title='bbox 1160 466 1211 492; x_wconf 87' lang='lat' dir='ltr'>ne</span> <span class='ocrx_word' id='word_1_37' title='bbox 1252 453 1334 492; x_wconf 89' lang='lat' dir='ltr'>hoc</span> <span class='ocrx_word' id='word_1_38' title='bbox 1374 454 1543 505; x_wconf 89' lang='lat' dir='ltr'>quidem</span> <span class='ocrx_word' id='word_1_39' title='bbox 1587 456 1774 493; x_wconf 84' lang='lat' dir='ltr'>saeuiens</span> 
     </span>
     <span class='ocr_line' id='line_1_8' title="bbox 156 519 1773 574; baseline 0.003 -16"><span class='ocrx_word' id='word_1_40' title='bbox 156 519 316 571; x_wconf 88' lang='lat' dir='ltr'>reliquit</span> <span class='ocrx_word' id='word_1_41' title='bbox 359 520 545 568; x_wconf 87' lang='lat' dir='ltr'>fortuna,</span> <span class='ocrx_word' id='word_1_42' title='bbox 588 527 631 560; x_wconf 90' lang='lat' dir='ltr'>ut</span> <span class='ocrx_word' id='word_1_43' title='bbox 673 535 753 560; x_wconf 88' lang='lat' dir='ltr'>una</span> <span class='ocrx_word' id='word_1_44' title='bbox 786 523 964 574; x_wconf 88' lang='lat' dir='ltr'>denique</span> <span class='ocrx_word' id='word_1_45' title='bbox 996 524 1263 562; x_wconf 84' lang='lat' dir='ltr'>conciderent</span> <span class='ocrx_word' id='word_1_46' title='bbox 1295 524 1432 565; x_wconf 80' lang='lat' dir='ltr'>ruina:</span> <span class='ocrx_word' id='word_1_47' title='bbox 1482 525 1583 563; x_wconf 83' lang='lat' dir='ltr'>uixit</span> <span class='ocrx_word' id='word_1_48' title='bbox 1616 523 1773 564; x_wconf 72' lang='lat' dir='ltr'>Sextus</span> 
     </span>
     <span class='ocr_line' id='line_1_9' title="bbox 155 590 1776 646; baseline 0.002 -17"><span class='ocrx_word' id='word_1_49' title='bbox 155 590 378 642; x_wconf 88' lang='lat' dir='ltr'>Pompeius</span> <span class='ocrx_word' id='word_1_50' title='bbox 410 591 588 642; x_wconf 88' lang='lat' dir='ltr'>primum</span> <span class='ocrx_word' id='word_1_51' title='bbox 622 592 753 631; x_wconf 89' lang='lat' dir='ltr'>sorori</span> <span class='ocrx_word' id='word_1_52' title='bbox 785 599 1006 644; x_wconf 81' lang='lat' dir='ltr'>supersteS,</span> <span class='ocrx_word' id='word_1_53' title='bbox 1041 595 1152 633; x_wconf 90' lang='lat' dir='ltr'>cuius</span> <span class='ocrx_word' id='word_1_54' title='bbox 1176 600 1312 634; x_wconf 90' lang='lat' dir='ltr'>morte</span> <span class='ocrx_word' id='word_1_55' title='bbox 1335 595 1494 646; x_wconf 88' lang='lat' dir='ltr'>optime</span> <span class='ocrx_word' id='word_1_56' title='bbox 1517 594 1776 634; x_wconf 86' lang='lat' dir='ltr'>cohaerentis</span> 
     </span>
     <span class='ocr_line' id='line_1_10' title="bbox 155 661 1776 717; baseline 0.003 -18"><span class='ocrx_word' id='word_1_57' title='bbox 155 661 374 700; x_wconf 82' lang='lat' dir='ltr'>Romanae</span> <span class='ocrx_word' id='word_1_58' title='bbox 405 664 517 714; x_wconf 82' lang='lat' dir='ltr'>pacis</span> <span class='ocrx_word' id='word_1_59' title='bbox 549 662 710 701; x_wconf 89' lang='lat' dir='ltr'>uincula</span> <span class='ocrx_word' id='word_1_60' title='bbox 741 662 923 702; x_wconf 85' lang='lat' dir='ltr'>resoluta</span> <span class='ocrx_word' id='word_1_61' title='bbox 954 671 1058 703; x_wconf 84' lang='lat' dir='ltr'>sunt.</span> <span class='ocrx_word' id='word_1_62' title='bbox 1121 665 1317 716; x_wconf 89' lang='lat' dir='ltr'>idemque</span> <span class='ocrx_word' id='word_1_63' title='bbox 1349 664 1414 703; x_wconf 93' lang='lat' dir='ltr'>hic</span> <span class='ocrx_word' id='word_1_64' title='bbox 1443 665 1545 703; x_wconf 74' lang='lat' dir='ltr'>uixit</span> <span class='ocrx_word' id='word_1_65' title='bbox 1567 672 1776 717; x_wconf 89' lang='lat' dir='ltr'>superstes</span> 
     </span>
     <span class='ocr_line' id='line_1_11' title="bbox 155 731 1775 783; baseline 0.002 -13"><span class='ocrx_word' id='word_1_66' title='bbox 155 732 317 783; x_wconf 85' lang='lat' dir='ltr'>optimo</span> <span class='ocrx_word' id='word_1_67' title='bbox 350 731 482 779; x_wconf 86' lang='lat' dir='ltr'>fratri,</span> <span class='ocrx_word' id='word_1_68' title='bbox 525 746 650 783; x_wconf 86' lang='lat' dir='ltr'>quem</span> <span class='ocrx_word' id='word_1_69' title='bbox 683 731 849 772; x_wconf 87' lang='lat' dir='ltr'>fortuna</span> <span class='ocrx_word' id='word_1_70' title='bbox 881 734 919 772; x_wconf 91' lang='lat' dir='ltr'>in</span> <span class='ocrx_word' id='word_1_71' title='bbox 952 733 1032 773; x_wconf 87' lang='lat' dir='ltr'>hoc</span> <span class='ocrx_word' id='word_1_72' title='bbox 1065 741 1284 783; x_wconf 79' lang='lat' dir='ltr'>euexerat,</span> <span class='ocrx_word' id='word_1_73' title='bbox 1318 749 1369 774; x_wconf 83' lang='lat' dir='ltr'>ne</span> <span class='ocrx_word' id='word_1_74' title='bbox 1402 737 1533 774; x_wconf 86' lang='lat' dir='ltr'>minus</span> <span class='ocrx_word' id='word_1_75' title='bbox 1566 735 1648 775; x_wconf 91' lang='lat' dir='ltr'>alte</span> <span class='ocrx_word' id='word_1_76' title='bbox 1681 750 1775 774; x_wconf 92' lang='lat' dir='ltr'>eum</span> 
     </span>
     <span class='ocr_line' id='line_1_12' title="bbox 155 802 1776 857; baseline 0.002 -17"><span class='ocrx_word' id='word_1_77' title='bbox 155 802 358 850; x_wconf 89' lang='lat' dir='ltr'>deiceret,</span> <span class='ocrx_word' id='word_1_78' title='bbox 411 816 535 854; x_wconf 86' lang='lat' dir='ltr'>quam</span> <span class='ocrx_word' id='word_1_79' title='bbox 578 809 741 854; x_wconf 85' lang='lat' dir='ltr'>patrem</span> <span class='ocrx_word' id='word_1_80' title='bbox 784 803 1000 843; x_wconf 85' lang='lat' dir='ltr'>deiecerat.</span> <span class='ocrx_word' id='word_1_81' title='bbox 1075 810 1115 843; x_wconf 94' lang='lat' dir='ltr'><strong>et</strong></span> <span class='ocrx_word' id='word_1_82' title='bbox 1157 811 1254 857; x_wconf 88' lang='lat' dir='ltr'>post</span> <span class='ocrx_word' id='word_1_83' title='bbox 1296 805 1404 844; x_wconf 85' lang='lat' dir='ltr'>hunc</span> <span class='ocrx_word' id='word_1_84' title='bbox 1450 811 1591 844; x_wconf 85' lang='lat' dir='ltr'>tamen</span> <span class='ocrx_word' id='word_1_85' title='bbox 1635 819 1776 845; x_wconf 87' lang='lat' dir='ltr'>casum</span> 
     </span>
     <span class='ocr_line' id='line_1_13' title="bbox 154 870 1772 924; baseline 0.002 -13"><span class='ocrx_word' id='word_1_86' title='bbox 154 870 311 911; x_wconf 79' lang='lat' dir='ltr'><strong>Sextus</strong></span> <span class='ocrx_word' id='word_1_87' title='bbox 353 873 576 924; x_wconf 89' lang='lat' dir='ltr'>Pompeius</span> <span class='ocrx_word' id='word_1_88' title='bbox 620 886 705 912; x_wconf 88' lang='lat' dir='ltr'>non</span> <span class='ocrx_word' id='word_1_89' title='bbox 746 879 909 913; x_wconf 87' lang='lat' dir='ltr'>tantum</span> <span class='ocrx_word' id='word_1_90' title='bbox 954 875 1108 922; x_wconf 89' lang='lat' dir='ltr'>dolori,</span> <span class='ocrx_word' id='word_1_91' title='bbox 1162 876 1237 915; x_wconf 90' lang='lat' dir='ltr'>sed</span> <span class='ocrx_word' id='word_1_92' title='bbox 1280 878 1405 915; x_wconf 88' lang='lat' dir='ltr'>etiam</span> <span class='ocrx_word' id='word_1_93' title='bbox 1448 876 1559 915; x_wconf 91' lang='lat' dir='ltr'>bello</span> <span class='ocrx_word' id='word_1_94' title='bbox 1602 876 1772 916; x_wconf 78' lang='lat' dir='ltr'>suffecit.</span> 
     </span>
     <span class='ocr_line' id='line_1_14' title="bbox 155 943 1774 998; baseline 0.003 -17"><span class='ocrx_word' id='word_1_95' title='bbox 155 943 467 983; x_wconf 82' lang='lat' dir='ltr'>innumerabilia</span> <span class='ocrx_word' id='word_1_96' title='bbox 509 944 691 996; x_wconf 87' lang='lat' dir='ltr'>undique</span> <span class='ocrx_word' id='word_1_97' title='bbox 735 944 931 996; x_wconf 79' lang='lat' dir='ltr'>exempla</span> <span class='ocrx_word' id='word_1_98' title='bbox 973 952 1261 998; x_wconf 87' lang='lat' dir='ltr'>separatorum</span> <span class='ocrx_word' id='word_1_99' title='bbox 1306 953 1440 986; x_wconf 84' lang='lat' dir='ltr'>morte</span> <span class='ocrx_word' id='word_1_100' title='bbox 1482 945 1654 986; x_wconf 80' lang='lat' dir='ltr'>fratrum</span> <span class='ocrx_word' id='word_1_101' title='bbox 1687 961 1774 986; x_wconf 91' lang='lat' dir='ltr'>suc-</span> 
     </span>
     <span class='ocr_line' id='line_1_15' title="bbox 154 1015 1778 1069; baseline 0.002 -16"><span class='ocrx_word' id='word_1_102' title='bbox 154 1020 341 1054; x_wconf 85' lang='lat' dir='ltr'>currunt:</span> <span class='ocrx_word' id='word_1_103' title='bbox 392 1015 520 1054; x_wconf 87' lang='lat' dir='ltr'>immo</span> <span class='ocrx_word' id='word_1_104' title='bbox 564 1022 708 1054; x_wconf 87' lang='lat' dir='ltr'>contra</span> <span class='ocrx_word' id='word_1_105' title='bbox 751 1016 821 1054; x_wconf 81' lang='lat' dir='ltr'>uix</span> <span class='ocrx_word' id='word_1_106' title='bbox 865 1015 946 1054; x_wconf 90' lang='lat' dir='ltr'>ulla</span> <span class='ocrx_word' id='word_1_107' title='bbox 990 1030 1185 1067; x_wconf 87' lang='lat' dir='ltr'>umquam</span> <span class='ocrx_word' id='word_1_108' title='bbox 1228 1016 1375 1056; x_wconf 87' lang='lat' dir='ltr'>horum</span> <span class='ocrx_word' id='word_1_109' title='bbox 1409 1018 1522 1068; x_wconf 82' lang='lat' dir='ltr'>paria</span> <span class='ocrx_word' id='word_1_110' title='bbox 1555 1023 1778 1069; x_wconf 82' lang='lat' dir='ltr'>conspecta</span> 
     </span>
     <span class='ocr_line' id='line_1_16' title="bbox 153 1085 1778 1140; baseline 0.002 -17"><span class='ocrx_word' id='word_1_111' title='bbox 153 1091 248 1124; x_wconf 90' lang='lat' dir='ltr'>sunt</span> <span class='ocrx_word' id='word_1_112' title='bbox 280 1098 360 1124; x_wconf 85' lang='lat' dir='ltr'>una</span> <span class='ocrx_word' id='word_1_113' title='bbox 391 1086 658 1125; x_wconf 84' lang='lat' dir='ltr'>senescentia.</span> <span class='ocrx_word' id='word_1_114' title='bbox 721 1085 793 1125; x_wconf 90' lang='lat' dir='ltr'>sed</span> <span class='ocrx_word' id='word_1_115' title='bbox 826 1092 1045 1126; x_wconf 88' lang='lat' dir='ltr'>contentus</span> <span class='ocrx_word' id='word_1_116' title='bbox 1077 1092 1245 1126; x_wconf 87' lang='lat' dir='ltr'>nostrae</span> <span class='ocrx_word' id='word_1_117' title='bbox 1279 1088 1428 1126; x_wconf 91' lang='lat' dir='ltr'>domus</span> <span class='ocrx_word' id='word_1_118' title='bbox 1461 1087 1665 1140; x_wconf 80' lang='lat' dir='ltr'>exemplis</span> <span class='ocrx_word' id='word_1_119' title='bbox 1695 1101 1778 1127; x_wconf 92' lang='lat' dir='ltr'>ero.</span> 
     </span>
     <span class='ocr_line' id='line_1_17' title="bbox 154 1156 1779 1208; baseline 0.001 -14"><span class='ocrx_word' id='word_1_120' title='bbox 154 1169 279 1195; x_wconf 90' lang='lat' dir='ltr'>nemo</span> <span class='ocrx_word' id='word_1_121' title='bbox 324 1156 433 1195; x_wconf 91' lang='lat' dir='ltr'>enim</span> <span class='ocrx_word' id='word_1_122' title='bbox 477 1161 564 1195; x_wconf 91' lang='lat' dir='ltr'>tam</span> <span class='ocrx_word' id='word_1_123' title='bbox 598 1169 750 1208; x_wconf 81' lang='lat' dir='ltr'><strong>expers</strong></span> <span class='ocrx_word' id='word_1_124' title='bbox 784 1157 858 1195; x_wconf 87' lang='lat' dir='ltr'>erit</span> <span class='ocrx_word' id='word_1_125' title='bbox 890 1170 1033 1196; x_wconf 90' lang='lat' dir='ltr'>sensus</span> <span class='ocrx_word' id='word_1_126' title='bbox 1067 1170 1115 1195; x_wconf 93' lang='lat' dir='ltr'>ac</span> <span class='ocrx_word' id='word_1_127' title='bbox 1147 1157 1353 1205; x_wconf 83' lang='lat' dir='ltr'>sanitatis,</span> <span class='ocrx_word' id='word_1_128' title='bbox 1397 1164 1440 1196; x_wconf 91' lang='lat' dir='ltr'>ut</span> <span class='ocrx_word' id='word_1_129' title='bbox 1473 1157 1677 1197; x_wconf 90' lang='lat' dir='ltr'>fortunam</span> <span class='ocrx_word' id='word_1_130' title='bbox 1711 1157 1779 1196; x_wconf 91' lang='lat' dir='ltr'>ulli</span> 
     </span>
     <span class='ocr_line' id='line_1_18' title="bbox 154 1225 1778 1278; baseline 0.001 -13"><span class='ocrx_word' id='word_1_131' title='bbox 154 1232 348 1278; x_wconf 85' lang='lat' dir='ltr'><strong>queratur</strong></span> <span class='ocrx_word' id='word_1_132' title='bbox 389 1226 546 1265; x_wconf 88' lang='lat' dir='ltr'>luctum</span> <span class='ocrx_word' id='word_1_133' title='bbox 588 1225 790 1274; x_wconf 88' lang='lat' dir='ltr'>intulisse,</span> <span class='ocrx_word' id='word_1_134' title='bbox 844 1240 970 1278; x_wconf 86' lang='lat' dir='ltr'>quam</span> <span class='ocrx_word' id='word_1_135' title='bbox 1013 1227 1113 1266; x_wconf 89' lang='lat' dir='ltr'>sciet</span> <span class='ocrx_word' id='word_1_136' title='bbox 1155 1228 1278 1266; x_wconf 83' lang='lat' dir='ltr'>etiam</span> <span class='ocrx_word' id='word_1_137' title='bbox 1324 1226 1548 1267; x_wconf 81' lang='lat' dir='ltr'><strong>Caesarum</strong></span> <span class='ocrx_word' id='word_1_138' title='bbox 1591 1227 1778 1267; x_wconf 81' lang='lat' dir='ltr'>lacrimas</span> 
     </span>
     <span class='ocr_line' id='line_1_19' title="bbox 154 1296 1778 1350; baseline 0.001 -14"><span class='ocrx_word' id='word_1_139' title='bbox 154 1298 407 1350; x_wconf 82' lang='lat' dir='ltr'>concupisse.</span> <span class='ocrx_word' id='word_1_140' title='bbox 471 1298 588 1336; x_wconf 87' lang='lat' dir='ltr'>diuus</span> <span class='ocrx_word' id='word_1_141' title='bbox 620 1296 839 1349; x_wconf 82' lang='lat' dir='ltr'>Augustus</span> <span class='ocrx_word' id='word_1_142' title='bbox 881 1298 1016 1337; x_wconf 90' lang='lat' dir='ltr'>amisit</span> <span class='ocrx_word' id='word_1_143' title='bbox 1050 1297 1269 1337; x_wconf 87' lang='lat' dir='ltr'>Octauiam</span> <span class='ocrx_word' id='word_1_144' title='bbox 1303 1312 1491 1337; x_wconf 89' lang='lat' dir='ltr'>sororem</span> <span class='ocrx_word' id='word_1_145' title='bbox 1525 1299 1778 1337; x_wconf 74' lang='lat' dir='ltr'>carissimam</span> 
     </span>
     <span class='ocr_line' id='line_1_20' title="bbox 154 1367 1779 1421; baseline 0 -14"><span class='ocrx_word' id='word_1_146' title='bbox 154 1374 195 1408; x_wconf 90' lang='lat' dir='ltr'>et</span> <span class='ocrx_word' id='word_1_147' title='bbox 238 1381 290 1407; x_wconf 91' lang='lat' dir='ltr'>ne</span> <span class='ocrx_word' id='word_1_148' title='bbox 332 1370 366 1408; x_wconf 89' lang='lat' dir='ltr'>ei</span> <span class='ocrx_word' id='word_1_149' title='bbox 410 1369 579 1421; x_wconf 85' lang='lat' dir='ltr'>quidem</span> <span class='ocrx_word' id='word_1_150' title='bbox 613 1381 748 1407; x_wconf 92' lang='lat' dir='ltr'>rerum</span> <span class='ocrx_word' id='word_1_151' title='bbox 782 1373 928 1407; x_wconf 87' lang='lat' dir='ltr'>natura</span> <span class='ocrx_word' id='word_1_152' title='bbox 959 1367 1126 1420; x_wconf 83' lang='lat' dir='ltr'>lugendi</span> <span class='ocrx_word' id='word_1_153' title='bbox 1159 1369 1451 1408; x_wconf 84' lang='lat' dir='ltr'>necessitatem</span> <span class='ocrx_word' id='word_1_154' title='bbox 1484 1369 1673 1416; x_wconf 83' lang='lat' dir='ltr'>abstulit,</span> <span class='ocrx_word' id='word_1_155' title='bbox 1718 1370 1779 1408; x_wconf 87' lang='lat' dir='ltr'>cui</span> 
     </span>
     <span class='ocr_line' id='line_1_21' title="bbox 154 1438 1778 1491; baseline 0 -13"><span class='ocrx_word' id='word_1_156' title='bbox 154 1438 313 1478; x_wconf 85' lang='lat' dir='ltr'>caelum</span> <span class='ocrx_word' id='word_1_157' title='bbox 336 1438 635 1478; x_wconf 87' lang='lat' dir='ltr'>destinauerat:</span> <span class='ocrx_word' id='word_1_158' title='bbox 670 1439 799 1478; x_wconf 91' lang='lat' dir='ltr'>immo</span> <span class='ocrx_word' id='word_1_159' title='bbox 822 1452 923 1478; x_wconf 91' lang='lat' dir='ltr'>uero</span> <span class='ocrx_word' id='word_1_160' title='bbox 947 1439 1058 1478; x_wconf 91' lang='lat' dir='ltr'>idem</span> <span class='ocrx_word' id='word_1_161' title='bbox 1081 1439 1193 1478; x_wconf 88' lang='lat' dir='ltr'>omni</span> <span class='ocrx_word' id='word_1_162' title='bbox 1217 1452 1370 1491; x_wconf 81' lang='lat' dir='ltr'><strong>genere</strong></span> <span class='ocrx_word' id='word_1_163' title='bbox 1393 1439 1580 1479; x_wconf 88' lang='lat' dir='ltr'>orbitatis</span> <span class='ocrx_word' id='word_1_164' title='bbox 1603 1445 1778 1478; x_wconf 79' lang='lat' dir='ltr'>uexatus</span> 
     </span>
     <span class='ocr_line' id='line_1_22' title="bbox 153 1509 1779 1562; baseline 0.001 -14"><span class='ocrx_word' id='word_1_165' title='bbox 153 1510 307 1549; x_wconf 87' lang='lat' dir='ltr'>sororis</span> <span class='ocrx_word' id='word_1_166' title='bbox 350 1509 477 1549; x_wconf 86' lang='lat' dir='ltr'>filium</span> <span class='ocrx_word' id='word_1_167' title='bbox 519 1510 769 1549; x_wconf 90' lang='lat' dir='ltr'>successioni</span> <span class='ocrx_word' id='word_1_168' title='bbox 809 1516 1101 1562; x_wconf 87' lang='lat' dir='ltr'>praeparatum</span> <span class='ocrx_word' id='word_1_169' title='bbox 1135 1524 1234 1549; x_wconf 86' lang='lat' dir='ltr'>suae</span> <span class='ocrx_word' id='word_1_170' title='bbox 1265 1510 1454 1562; x_wconf 87' lang='lat' dir='ltr'>perdidit.</span> <span class='ocrx_word' id='word_1_171' title='bbox 1518 1511 1696 1562; x_wconf 86' lang='lat' dir='ltr'>denique</span> <span class='ocrx_word' id='word_1_172' title='bbox 1727 1524 1779 1549; x_wconf 89' lang='lat' dir='ltr'>ne</span> 
     </span>
     <span class='ocr_line' id='line_1_23' title="bbox 154 1579 1778 1632; baseline 0.001 -13"><span class='ocrx_word' id='word_1_173' title='bbox 154 1580 336 1632; x_wconf 80' lang='lat' dir='ltr'>singulos</span> <span class='ocrx_word' id='word_1_174' title='bbox 380 1581 464 1620; x_wconf 92' lang='lat' dir='ltr'>eius</span> <span class='ocrx_word' id='word_1_175' title='bbox 505 1579 638 1620; x_wconf 85' lang='lat' dir='ltr'>luctus</span> <span class='ocrx_word' id='word_1_176' title='bbox 681 1594 944 1628; x_wconf 90' lang='lat' dir='ltr'><strong>enumerem,</strong></span> <span class='ocrx_word' id='word_1_177' title='bbox 988 1586 1028 1619; x_wconf 92' lang='lat' dir='ltr'><strong>et</strong></span> <span class='ocrx_word' id='word_1_178' title='bbox 1071 1594 1249 1632; x_wconf 84' lang='lat' dir='ltr'>generos</span> <span class='ocrx_word' id='word_1_179' title='bbox 1288 1580 1352 1619; x_wconf 90' lang='lat' dir='ltr'>ille</span> <span class='ocrx_word' id='word_1_180' title='bbox 1385 1582 1520 1620; x_wconf 88' lang='lat' dir='ltr'>amisit</span> <span class='ocrx_word' id='word_1_181' title='bbox 1553 1587 1593 1620; x_wconf 91' lang='lat' dir='ltr'><strong>et</strong></span> <span class='ocrx_word' id='word_1_182' title='bbox 1626 1581 1778 1620; x_wconf 81' lang='lat' dir='ltr'>liberos</span> 
     </span>
     <span class='ocr_line' id='line_1_24' title="bbox 155 1651 1779 1704; baseline 0 -14"><span class='ocrx_word' id='word_1_183' title='bbox 155 1657 196 1690; x_wconf 92' lang='lat' dir='ltr'>et</span> <span class='ocrx_word' id='word_1_184' title='bbox 228 1658 414 1704; x_wconf 90' lang='lat' dir='ltr'>nepotes,</span> <span class='ocrx_word' id='word_1_185' title='bbox 447 1665 495 1690; x_wconf 89' lang='lat' dir='ltr'>ac</span> <span class='ocrx_word' id='word_1_186' title='bbox 527 1665 652 1691; x_wconf 87' lang='lat' dir='ltr'>nemo</span> <span class='ocrx_word' id='word_1_187' title='bbox 685 1652 818 1702; x_wconf 81' lang='lat' dir='ltr'>magis</span> <span class='ocrx_word' id='word_1_188' title='bbox 851 1665 905 1690; x_wconf 80' lang='lat' dir='ltr'>ex</span> <span class='ocrx_word' id='word_1_189' title='bbox 938 1651 1130 1690; x_wconf 88' lang='lat' dir='ltr'>omnibus</span> <span class='ocrx_word' id='word_1_190' title='bbox 1164 1651 1410 1690; x_wconf 89' lang='lat' dir='ltr'>mortalibus</span> <span class='ocrx_word' id='word_1_191' title='bbox 1442 1651 1653 1691; x_wconf 86' lang='lat' dir='ltr'>hominem</span> <span class='ocrx_word' id='word_1_192' title='bbox 1688 1664 1779 1690; x_wconf 90' lang='lat' dir='ltr'>esse</span> 
     </span>
     <span class='ocr_line' id='line_1_25' title="bbox 154 1722 1778 1774; baseline -0.001 -13"><span class='ocrx_word' id='word_1_193' title='bbox 154 1735 219 1770; x_wconf 86' lang='lat' dir='ltr'>se,</span> <span class='ocrx_word' id='word_1_194' title='bbox 262 1722 362 1761; x_wconf 89' lang='lat' dir='ltr'>dum</span> <span class='ocrx_word' id='word_1_195' title='bbox 406 1723 510 1762; x_wconf 84' lang='lat' dir='ltr'>inter</span> <span class='ocrx_word' id='word_1_196' title='bbox 547 1722 737 1762; x_wconf 87' lang='lat' dir='ltr'>homines</span> <span class='ocrx_word' id='word_1_197' title='bbox 770 1728 880 1770; x_wconf 86' lang='lat' dir='ltr'>erat,</span> <span class='ocrx_word' id='word_1_198' title='bbox 923 1722 1073 1761; x_wconf 88' lang='lat' dir='ltr'>sensit:</span> <span class='ocrx_word' id='word_1_199' title='bbox 1121 1727 1262 1761; x_wconf 89' lang='lat' dir='ltr'>tamen</span> <span class='ocrx_word' id='word_1_200' title='bbox 1294 1728 1358 1761; x_wconf 91' lang='lat' dir='ltr'>tot</span> <span class='ocrx_word' id='word_1_201' title='bbox 1391 1727 1614 1774; x_wconf 85' lang='lat' dir='ltr'>tantosque</span> <span class='ocrx_word' id='word_1_202' title='bbox 1646 1722 1778 1762; x_wconf 91' lang='lat' dir='ltr'>luctus</span> 
     </span>
     <span class='ocr_line' id='line_1_26' title="bbox 154 1787 1778 1846; baseline -0.001 -14"><span class='ocrx_word' id='word_1_203' title='bbox 154 1793 263 1845; x_wconf 90' lang='lat' dir='ltr'>cepit</span> <span class='ocrx_word' id='word_1_204' title='bbox 314 1787 449 1832; x_wconf 87' lang='lat' dir='ltr'>rerum</span> <span class='ocrx_word' id='word_1_205' title='bbox 501 1793 687 1832; x_wconf 89' lang='lat' dir='ltr'>omnium</span> <span class='ocrx_word' id='word_1_206' title='bbox 730 1793 1047 1846; x_wconf 85' lang='lat' dir='ltr'>capacissimum</span> <span class='ocrx_word' id='word_1_207' title='bbox 1091 1793 1175 1844; x_wconf 80' lang='lat' dir='ltr'>eius</span> <span class='ocrx_word' id='word_1_208' title='bbox 1217 1802 1362 1844; x_wconf 90' lang='lat' dir='ltr'>pectus</span> <span class='ocrx_word' id='word_1_209' title='bbox 1405 1793 1618 1845; x_wconf 85' lang='lat' dir='ltr'>uictorque</span> <span class='ocrx_word' id='word_1_210' title='bbox 1660 1793 1778 1832; x_wconf 88' lang='lat' dir='ltr'>diuus</span> 
     </span>
     <span class='ocr_line' id='line_1_27' title="bbox 154 1862 1775 1915; baseline -0.001 -13"><span class='ocrx_word' id='word_1_211' title='bbox 154 1863 372 1915; x_wconf 82' lang='lat' dir='ltr'>Augustus</span> <span class='ocrx_word' id='word_1_212' title='bbox 404 1878 487 1903; x_wconf 90' lang='lat' dir='ltr'>non</span> <span class='ocrx_word' id='word_1_213' title='bbox 520 1864 702 1914; x_wconf 84' lang='lat' dir='ltr'>gentium</span> <span class='ocrx_word' id='word_1_214' title='bbox 735 1863 1032 1903; x_wconf 84' lang='lat' dir='ltr'>tantummodo</span> <span class='ocrx_word' id='word_1_215' title='bbox 1065 1869 1351 1911; x_wconf 83' lang='lat' dir='ltr'>externarum,</span> <span class='ocrx_word' id='word_1_216' title='bbox 1391 1864 1465 1902; x_wconf 89' lang='lat' dir='ltr'>sed</span> <span class='ocrx_word' id='word_1_217' title='bbox 1499 1864 1623 1902; x_wconf 88' lang='lat' dir='ltr'>etiam</span> <span class='ocrx_word' id='word_1_218' title='bbox 1657 1862 1775 1902; x_wconf 90' lang='lat' dir='ltr'>dolo-</span> 
     </span>
     <span class='ocr_line' id='line_1_28' title="bbox 154 1933 1775 1997; baseline 0 -25"><span class='ocrx_word' id='word_1_219' title='bbox 154 1948 244 1973; x_wconf 90' lang='lat' dir='ltr'>rum</span> <span class='ocrx_word' id='word_1_220' title='bbox 276 1933 361 1974; x_wconf 85' lang='lat' dir='ltr'>fuit.</span> <span class='ocrx_word' id='word_1_221' title='bbox 424 1934 550 1997; x_wconf 76' lang='lat' dir='ltr'>Gaius</span> <span class='ocrx_word' id='word_1_222' title='bbox 585 1934 754 1983; x_wconf 84' lang='lat' dir='ltr'>Caesar,</span> <span class='ocrx_word' id='word_1_223' title='bbox 789 1935 869 1974; x_wconf 92' lang='lat' dir='ltr'>diui</span> <span class='ocrx_word' id='word_1_224' title='bbox 902 1934 1316 1987; x_wconf 83' lang='lat' dir='ltr'>Augusti,.auunculi</span> <span class='ocrx_word' id='word_1_225' title='bbox 1350 1934 1429 1973; x_wconf 88' lang='lat' dir='ltr'>mei</span> <span class='ocrx_word' id='word_1_226' title='bbox 1463 1934 1601 1986; x_wconf 80' lang='lat' dir='ltr'>magni</span> <span class='ocrx_word' id='word_1_227' title='bbox 1634 1947 1775 1985; x_wconf 87' lang='lat' dir='ltr'>nepos,</span> 
     </span>
     <span class='ocr_line' id='line_1_29' title="bbox 154 2004 1778 2056; baseline 0 -13"><span class='ocrx_word' id='word_1_228' title='bbox 154 2005 259 2045; x_wconf 87' lang='lat' dir='ltr'>circa</span> <span class='ocrx_word' id='word_1_229' title='bbox 297 2005 455 2056; x_wconf 88' lang='lat' dir='ltr'>primos</span> <span class='ocrx_word' id='word_1_230' title='bbox 487 2005 678 2044; x_wconf 88' lang='lat' dir='ltr'>iuuentae</span> <span class='ocrx_word' id='word_1_231' title='bbox 710 2019 808 2044; x_wconf 91' lang='lat' dir='ltr'>suae</span> <span class='ocrx_word' id='word_1_232' title='bbox 841 2019 971 2044; x_wconf 84' lang='lat' dir='ltr'>annos</span> <span class='ocrx_word' id='word_1_233' title='bbox 1004 2005 1177 2044; x_wconf 90' lang='lat' dir='ltr'>Lucium</span> <span class='ocrx_word' id='word_1_234' title='bbox 1213 2005 1380 2044; x_wconf 89' lang='lat' dir='ltr'>fratrem</span> <span class='ocrx_word' id='word_1_235' title='bbox 1414 2005 1669 2044; x_wconf 85' lang='lat' dir='ltr'>carissimum</span> <span class='ocrx_word' id='word_1_236' title='bbox 1702 2004 1778 2043; x_wconf 84' lang='lat' dir='ltr'>sibi</span> 
     </span>
     <span class='ocr_line' id='line_1_30' title="bbox 153 2076 1778 2129; baseline 0 -16"><span class='ocrx_word' id='word_1_237' title='bbox 153 2076 344 2128; x_wconf 87' lang='lat' dir='ltr'>princeps</span> <span class='ocrx_word' id='word_1_238' title='bbox 375 2077 596 2115; x_wconf 86' lang='lat' dir='ltr'>iuuentutis</span> <span class='ocrx_word' id='word_1_239' title='bbox 628 2077 856 2129; x_wconf 90' lang='lat' dir='ltr'>principem</span> <span class='ocrx_word' id='word_1_240' title='bbox 890 2076 1074 2115; x_wconf 90' lang='lat' dir='ltr'>eiusdem</span> <span class='ocrx_word' id='word_1_241' title='bbox 1107 2076 1327 2114; x_wconf 89' lang='lat' dir='ltr'>iuuentutis</span> <span class='ocrx_word' id='word_1_242' title='bbox 1356 2076 1491 2114; x_wconf 84' lang='lat' dir='ltr'>amisit</span> <span class='ocrx_word' id='word_1_243' title='bbox 1514 2076 1552 2114; x_wconf 83' lang='lat' dir='ltr'>in</span> <span class='ocrx_word' id='word_1_244' title='bbox 1576 2076 1778 2127; x_wconf 75' lang='lat' dir='ltr'>adparatu</span> 
     </span>
     <span class='ocr_line' id='line_1_31' title="bbox 154 2145 1777 2198; baseline 0 -14"><span class='ocrx_word' id='word_1_245' title='bbox 154 2145 330 2184; x_wconf 86' lang='lat' dir='ltr'>Parthici</span> <span class='ocrx_word' id='word_1_246' title='bbox 360 2145 457 2185; x_wconf 91' lang='lat' dir='ltr'>belli</span> <span class='ocrx_word' id='word_1_247' title='bbox 490 2152 531 2186; x_wconf 88' lang='lat' dir='ltr'><strong>et</strong></span> <span class='ocrx_word' id='word_1_248' title='bbox 559 2147 750 2198; x_wconf 82' lang='lat' dir='ltr'>grauiore</span> <span class='ocrx_word' id='word_1_249' title='bbox 780 2146 912 2185; x_wconf 91' lang='lat' dir='ltr'>multo</span> <span class='ocrx_word' id='word_1_250' title='bbox 935 2146 1058 2185; x_wconf 87' lang='lat' dir='ltr'>animi</span> <span class='ocrx_word' id='word_1_251' title='bbox 1081 2145 1250 2185; x_wconf 88' lang='lat' dir='ltr'>uolnere</span> <span class='ocrx_word' id='word_1_252' title='bbox 1272 2159 1398 2197; x_wconf 85' lang='lat' dir='ltr'>quam</span> <span class='ocrx_word' id='word_1_253' title='bbox 1422 2151 1570 2198; x_wconf 85' lang='lat' dir='ltr'>postea</span> <span class='ocrx_word' id='word_1_254' title='bbox 1593 2145 1777 2196; x_wconf 84' lang='lat' dir='ltr'>corporis</span> 
     </span>
     <span class='ocr_line' id='line_1_32' title="bbox 154 2215 1778 2269; baseline -0.001 -14"><span class='ocrx_word' id='word_1_255' title='bbox 154 2216 258 2256; x_wconf 91' lang='lat' dir='ltr'>ictus</span> <span class='ocrx_word' id='word_1_256' title='bbox 290 2222 376 2256; x_wconf 90' lang='lat' dir='ltr'>est:</span> <span class='ocrx_word' id='word_1_257' title='bbox 423 2218 538 2269; x_wconf 87' lang='lat' dir='ltr'>quod</span> <span class='ocrx_word' id='word_1_258' title='bbox 571 2223 794 2269; x_wconf 88' lang='lat' dir='ltr'>utrumque</span> <span class='ocrx_word' id='word_1_259' title='bbox 827 2222 867 2256; x_wconf 90' lang='lat' dir='ltr'>et</span> <span class='ocrx_word' id='word_1_260' title='bbox 900 2218 1080 2268; x_wconf 87' lang='lat' dir='ltr'>piissime</span> <span class='ocrx_word' id='word_1_261' title='bbox 1113 2217 1225 2256; x_wconf 89' lang='lat' dir='ltr'>idem</span> <span class='ocrx_word' id='word_1_262' title='bbox 1258 2222 1299 2255; x_wconf 90' lang='lat' dir='ltr'><strong>et</strong></span> <span class='ocrx_word' id='word_1_263' title='bbox 1322 2216 1542 2256; x_wconf 85' lang='lat' dir='ltr'>fortissime</span> <span class='ocrx_word' id='word_1_264' title='bbox 1564 2215 1666 2256; x_wconf 86' lang='lat' dir='ltr'>tulit.</span> <span class='ocrx_word' id='word_1_265' title='bbox 1715 2215 1778 2254; x_wconf 88' lang='lat' dir='ltr'>Ti.</span> 
     </span>
    </p>
   </div>
   <div class='ocr_carea' id='block_1_5' title="bbox 154 2323 321 2326">
    <p class='ocr_par' dir='ltr' id='par_1_6' title="bbox 154 2323 321 2326">
     <span class='ocr_line' id='line_1_33' title="bbox 154 2323 321 2326; baseline 0 0"><span class='ocrx_word' id='word_1_266' title='bbox 154 2323 321 2326; x_wconf 95' lang='lat' dir='ltr'> </span> 
     </span>
    </p>
   </div>
   <div class='ocr_carea' id='block_1_6' title="bbox 158 2378 1779 2481">
    <p class='ocr_par' dir='ltr' id='par_1_7' title="bbox 158 2378 1779 2481">
     <span class='ocr_line' id='line_1_34' title="bbox 158 2378 1779 2422; baseline -0.002 -9"><span class='ocrx_word' id='word_1_267' title='bbox 158 2381 172 2413; x_wconf 85' lang='lat' dir='ltr'>l</span> <span class='ocrx_word' id='word_1_268' title='bbox 203 2381 361 2422; x_wconf 84' lang='lat' dir='ltr'>cathargo</span> <span class='ocrx_word' id='word_1_269' title='bbox 392 2379 422 2413; x_wconf 89' lang='grc' dir='ltr'><em>Β</em></span> <span class='ocrx_word' id='word_1_270' title='bbox 542 2382 561 2411; x_wconf 70' lang='grc' dir='ltr'><strong>Ξῖ</strong></span> <span class='ocrx_word' id='word_1_271' title='bbox 589 2382 788 2412; x_wconf 85' lang='lat' dir='ltr'>Lucillorum</span> <span class='ocrx_word' id='word_1_272' title='bbox 818 2379 848 2414; x_wconf 87' lang='lat' dir='ltr'><em>B</em></span> <span class='ocrx_word' id='word_1_273' title='bbox 969 2384 1074 2413; x_wconf 63' lang='lat' dir='ltr'>morti-3</span> <span class='ocrx_word' id='word_1_274' title='bbox 1101 2379 1134 2414; x_wconf 88' lang='lat' dir='ltr'><em>B</em></span> <span class='ocrx_word' id='word_1_275' title='bbox 1254 2380 1274 2414; x_wconf 72' lang='grc' dir='ltr'>ὃ</span> <span class='ocrx_word' id='word_1_276' title='bbox 1302 2381 1437 2422; x_wconf 83' lang='lat' dir='ltr'>reliquid</span> <span class='ocrx_word' id='word_1_277' title='bbox 1458 2378 1490 2412; x_wconf 84' lang='grc' dir='ltr'><em>Β</em></span> <span class='ocrx_word' id='word_1_278' title='bbox 1587 2383 1608 2411; x_wconf 60' lang='grc' dir='ltr'>ὅ</span> <span class='ocrx_word' id='word_1_279' title='bbox 1634 2384 1779 2410; x_wconf 70' lang='lat' dir='ltr'>eucxerat</span> 
     </span>
     <span class='ocr_line' id='line_1_35' title="bbox 159 2437 1662 2481; baseline -0.001 -9"><span class='ocrx_word' id='word_1_280' title='bbox 159 2437 264 2472; x_wconf 72' lang='lat' dir='ltr'>Gertz</span> <span class='ocrx_word' id='word_1_281' title='bbox 292 2444 433 2470; x_wconf 73' lang='lat' dir='ltr'>erexerat</span> <span class='ocrx_word' id='word_1_282' title='bbox 464 2437 566 2473; x_wconf 86' lang='lat' dir='ltr'>BDE</span> <span class='ocrx_word' id='word_1_283' title='bbox 699 2440 733 2471; x_wconf 70' lang='lat'>13</span> <span class='ocrx_word' id='word_1_284' title='bbox 768 2444 970 2481; x_wconf 83' lang='lat' dir='ltr'>contemptus</span> <span class='ocrx_word' id='word_1_285' title='bbox 999 2437 1030 2472; x_wconf 96' lang='grc' dir='ltr'><em>Β</em></span> <span class='ocrx_word' id='word_1_286' title='bbox 1153 2438 1195 2472; x_wconf 64' lang='lat'>‘14</span> <span class='ocrx_word' id='word_1_287' title='bbox 1230 2440 1369 2480; x_wconf 66' lang='lat' dir='ltr'>expserit</span> <span class='ocrx_word' id='word_1_288' title='bbox 1397 2438 1430 2473; x_wconf 91' lang='lat' dir='ltr'><em>B</em></span> <span class='ocrx_word' id='word_1_289' title='bbox 1559 2439 1602 2469; x_wconf 84' lang='lat' dir='ltr'>illi</span> <span class='ocrx_word' id='word_1_290' title='bbox 1635 2437 1662 2471; x_wconf 69' lang='grc' dir='ltr'>[Ι</span> 
     </span>
    </p>
   </div>
   <div class='ocr_carea' id='block_1_7' title="bbox 154 2498 1777 2907">
    <p class='ocr_par' dir='ltr' id='par_1_8' title="bbox 162 2498 1669 2543">
     <span class='ocr_line' id='line_1_36' title="bbox 162 2498 1669 2543; baseline -0.001 -1"><span class='ocrx_word' id='word_1_291' title='bbox 162 2511 200 2543; x_wconf 72' lang='grc' dir='ltr'>Ιϋ</span> <span class='ocrx_word' id='word_1_292' title='bbox 227 2511 387 2541; x_wconf 81' lang='lat' dir='ltr'>octauam</span> <span class='ocrx_word' id='word_1_293' title='bbox 419 2509 448 2543; x_wconf 88' lang='grc' dir='ltr'><em>Β</em></span> <span class='ocrx_word' id='word_1_294' title='bbox 570 2510 612 2542; x_wconf 75' lang='grc'>18</span> <span class='ocrx_word' id='word_1_295' title='bbox 639 2514 769 2541; x_wconf 82' lang='lat' dir='ltr'>uexatus</span> <span class='ocrx_word' id='word_1_296' title='bbox 795 2509 921 2543; x_wconf 71' lang='lat' dir='ltr'>omittit</span> <span class='ocrx_word' id='word_1_297' title='bbox 949 2508 978 2543; x_wconf 90' lang='lat' dir='ltr'><em>D</em></span> <span class='ocrx_word' id='word_1_298' title='bbox 1099 2509 1142 2542; x_wconf 54' lang='lat'>¹19</span> <span class='ocrx_word' id='word_1_299' title='bbox 1168 2511 1214 2541; x_wconf 83' lang='lat' dir='ltr'>sui</span> <span class='ocrx_word' id='word_1_300' title='bbox 1242 2508 1274 2543; x_wconf 89' lang='lat' dir='ltr'><em>D</em></span> <span class='ocrx_word' id='word_1_301' title='bbox 1394 2510 1438 2542; x_wconf 69' lang='lat'>20</span> <span class='ocrx_word' id='word_1_302' title='bbox 1470 2498 1609 2541; x_wconf 51' lang='lat' dir='ltr'>enim&amp;</span> <span class='ocrx_word' id='word_1_303' title='bbox 1640 2508 1669 2541; x_wconf 79' lang='lat' dir='ltr'><em>B</em></span> 
     </span>
    </p>

    <p class='ocr_par' dir='ltr' id='par_1_9' title="bbox 156 2565 1777 2610">
     <span class='ocr_line' id='line_1_37' title="bbox 156 2565 1777 2610; baseline -0.001 -10"><span class='ocrx_word' id='word_1_304' title='bbox 156 2568 193 2600; x_wconf 73' lang='lat'>‘21</span> <span class='ocrx_word' id='word_1_305' title='bbox 227 2579 264 2599; x_wconf 90' lang='lat' dir='ltr'>ac</span> <span class='ocrx_word' id='word_1_306' title='bbox 290 2572 423 2610; x_wconf 83' lang='lat' dir='ltr'>nepotes</span> <span class='ocrx_word' id='word_1_307' title='bbox 451 2567 520 2602; x_wconf 88' lang='lat' dir='ltr'>DE</span> <span class='ocrx_word' id='word_1_308' title='bbox 636 2569 680 2602; x_wconf 72' lang='lat'>22</span> <span class='ocrx_word' id='word_1_309' title='bbox 707 2574 814 2600; x_wconf 79' lang='lat' dir='ltr'>tamen</span> <span class='ocrx_word' id='word_1_310' title='bbox 841 2575 887 2600; x_wconf 80' lang='lat' dir='ltr'>tot</span> <span class='ocrx_word' id='word_1_311' title='bbox 913 2570 946 2601; x_wconf 87' lang='lat' dir='ltr'><em>B</em></span> <span class='ocrx_word' id='word_1_312' title='bbox 971 2580 1052 2600; x_wconf 87' lang='lat' dir='ltr'>nunc</span> <span class='ocrx_word' id='word_1_313' title='bbox 1080 2572 1126 2600; x_wconf 82' lang='lat' dir='ltr'>tot</span> <span class='ocrx_word' id='word_1_314' title='bbox 1152 2567 1224 2602; x_wconf 85' lang='lat' dir='ltr'>DE</span> <span class='ocrx_word' id='word_1_315' title='bbox 1340 2570 1382 2602; x_wconf 69' lang='lat'>23</span> <span class='ocrx_word' id='word_1_316' title='bbox 1410 2569 1658 2610; x_wconf 67' lang='lat' dir='ltr'>capacissimum</span> <span class='ocrx_word' id='word_1_317' title='bbox 1689 2565 1777 2599; x_wconf 76' lang='lat' dir='ltr'>Grn-</span> 
     </span>
    </p>

    <p class='ocr_par' dir='ltr' id='par_1_10' title="bbox 156 2626 1776 2669">
     <span class='ocr_line' id='line_1_38' title="bbox 156 2626 1776 2669; baseline -0.002 -10"><span class='ocrx_word' id='word_1_318' title='bbox 156 2630 253 2660; x_wconf 74' lang='lat' dir='ltr'>teras</span> <span class='ocrx_word' id='word_1_319' title='bbox 278 2629 529 2669; x_wconf 80' lang='lat' dir='ltr'>pacacissimum</span> <span class='ocrx_word' id='word_1_320' title='bbox 556 2626 589 2661; x_wconf 86' lang='lat' dir='ltr'><em>D</em></span> <span class='ocrx_word' id='word_1_321' title='bbox 615 2629 858 2669; x_wconf 79' lang='lat' dir='ltr'>pacatissimum</span> <span class='ocrx_word' id='word_1_322' title='bbox 888 2626 957 2661; x_wconf 86' lang='grc' dir='ltr'>ΒΕ</span> <span class='ocrx_word' id='word_1_323' title='bbox 1097 2627 1141 2660; x_wconf 78' lang='grc'>25</span> <span class='ocrx_word' id='word_1_324' title='bbox 1176 2629 1215 2660; x_wconf 55' lang='grc' dir='ltr'>(ἃ.</span> <span class='ocrx_word' id='word_1_325' title='bbox 1236 2628 1336 2659; x_wconf 77' lang='lat' dir='ltr'>Cesar</span> <span class='ocrx_word' id='word_1_326' title='bbox 1363 2626 1396 2660; x_wconf 87' lang='lat' dir='ltr'><em>B</em></span> <span class='ocrx_word' id='word_1_327' title='bbox 1541 2627 1687 2658; x_wconf 82' lang='lat' dir='ltr'>auunculi</span> <span class='ocrx_word' id='word_1_328' title='bbox 1715 2627 1776 2656; x_wconf 78' lang='lat' dir='ltr'>mci</span> 
     </span>
    </p>

    <p class='ocr_par' dir='ltr' id='par_1_11' title="bbox 155 2682 1777 2786">
     <span class='ocr_line' id='line_1_39' title="bbox 155 2682 1776 2731; baseline -0.001 -14"><span class='ocrx_word' id='word_1_329' title='bbox 155 2687 265 2727; x_wconf 84' lang='lat' dir='ltr'>magni</span> <span class='ocrx_word' id='word_1_330' title='bbox 291 2697 392 2727; x_wconf 79' lang='lat' dir='ltr'>nepos</span> <span class='ocrx_word' id='word_1_331' title='bbox 413 2685 562 2731; x_wconf 69' lang='lat' dir='ltr'>Madm‘q</span> <span class='ocrx_word' id='word_1_332' title='bbox 589 2687 736 2717; x_wconf 82' lang='lat' dir='ltr'>auunculi</span> <span class='ocrx_word' id='word_1_333' title='bbox 763 2688 826 2717; x_wconf 86' lang='lat' dir='ltr'>mei</span> <span class='ocrx_word' id='word_1_334' title='bbox 854 2697 892 2717; x_wconf 84' lang='lat' dir='ltr'>ac</span> <span class='ocrx_word' id='word_1_335' title='bbox 911 2697 1011 2728; x_wconf 85' lang='lat' dir='ltr'>nepos</span> <span class='ocrx_word' id='word_1_336' title='bbox 1035 2685 1064 2719; x_wconf 87' lang='grc' dir='ltr'><em>Β</em></span> <span class='ocrx_word' id='word_1_337' title='bbox 1091 2687 1237 2717; x_wconf 82' lang='lat' dir='ltr'>auunculi</span> <span class='ocrx_word' id='word_1_338' title='bbox 1255 2687 1317 2717; x_wconf 86' lang='lat' dir='ltr'>mei</span> <span class='ocrx_word' id='word_1_339' title='bbox 1337 2686 1482 2727; x_wconf 85' lang='lat' dir='ltr'>adnepos</span> <span class='ocrx_word' id='word_1_340' title='bbox 1503 2684 1533 2718; x_wconf 88' lang='lat' dir='ltr'><em>D</em></span> <span class='ocrx_word' id='word_1_341' title='bbox 1551 2685 1711 2729; x_wconf 73' lang='lat' dir='ltr'>(abnepos</span> <span class='ocrx_word' id='word_1_342' title='bbox 1733 2682 1776 2719; x_wconf 60' lang='lat' dir='ltr'>E)</span> 
     </span>
     <span class='ocr_line' id='line_1_40' title="bbox 274 2742 1777 2786; baseline -0.001 -9"><span class='ocrx_word' id='word_1_343' title='bbox 274 2743 319 2777; x_wconf 77' lang='lat'>‘28</span> <span class='ocrx_word' id='word_1_344' title='bbox 350 2746 533 2786; x_wconf 85' lang='lat' dir='ltr'>grauiorem</span> <span class='ocrx_word' id='word_1_345' title='bbox 565 2743 594 2778; x_wconf 88' lang='lat' dir='ltr'><em>D</em></span> <span class='ocrx_word' id='word_1_346' title='bbox 730 2746 829 2776; x_wconf 87' lang='lat' dir='ltr'>animi</span> <span class='ocrx_word' id='word_1_347' title='bbox 855 2746 968 2776; x_wconf 81' lang='lat' dir='ltr'>dolore</span> <span class='ocrx_word' id='word_1_348' title='bbox 998 2744 1065 2778; x_wconf 76' lang='lat' dir='ltr'>DE</span> <span class='ocrx_word' id='word_1_349' title='bbox 1194 2744 1237 2777; x_wconf 69' lang='lat'>29</span> <span class='ocrx_word' id='word_1_350' title='bbox 1272 2749 1302 2776; x_wconf 89' lang='lat' dir='ltr'>et</span> <span class='ocrx_word' id='word_1_351' title='bbox 1328 2746 1472 2786; x_wconf 69' lang='lat' dir='ltr'>piissime</span> <span class='ocrx_word' id='word_1_352' title='bbox 1503 2742 1604 2778; x_wconf 85' lang='lat' dir='ltr'>BDE</span> <span class='ocrx_word' id='word_1_353' title='bbox 1635 2744 1777 2784; x_wconf 46' lang='lat' dir='ltr'>piissime</span> 
     </span>
    </p>

    <p class='ocr_par' dir='ltr' id='par_1_12' title="bbox 154 2801 1675 2847">
     <span class='ocr_line' id='line_1_41' title="bbox 154 2801 1675 2847; baseline -0.003 -11"><span class='ocrx_word' id='word_1_354' title='bbox 154 2801 273 2847; x_wconf 44' lang='lat' dir='ltr'>wll-qo,</span> <span class='ocrx_word' id='word_1_355' title='bbox 291 2802 356 2836; x_wconf 75' lang='lat' dir='ltr'>secl</span> <span class='ocrx_word' id='word_1_356' title='bbox 373 2802 418 2846; x_wconf 59' lang='lat' dir='ltr'>cs:</span> <span class='ocrx_word' id='word_1_357' title='bbox 442 2805 495 2844; x_wconf 87' lang='lat'>18,</span> <span class='ocrx_word' id='word_1_358' title='bbox 517 2806 530 2836; x_wconf 91' lang='lat'>1</span> <span class='ocrx_word' id='word_1_359' title='bbox 562 2805 738 2844; x_wconf 83' lang='lat' dir='ltr'>eademque</span> <span class='ocrx_word' id='word_1_360' title='bbox 764 2808 793 2835; x_wconf 82' lang='lat' dir='ltr'><strong>et</strong></span> <span class='ocrx_word' id='word_1_361' title='bbox 819 2809 1009 2835; x_wconf 76' lang='lat' dir='ltr'>ornamenta</span> <span class='ocrx_word' id='word_1_362' title='bbox 1037 2805 1178 2834; x_wconf 77' lang='lat' dir='ltr'>maxima</span> <span class='ocrx_word' id='word_1_363' title='bbox 1205 2805 1373 2835; x_wconf 84' lang='lat' dir='ltr'>hominum</span> <span class='ocrx_word' id='word_1_364' title='bbox 1400 2808 1469 2835; x_wconf 64' lang='lat' dir='ltr'>sunt</span> <span class='ocrx_word' id='word_1_365' title='bbox 1496 2808 1526 2834; x_wconf 89' lang='lat' dir='ltr'><strong>et</strong></span> <span class='ocrx_word' id='word_1_366' title='bbox 1553 2803 1675 2834; x_wconf 80' lang='lat' dir='ltr'>solacia</span> 
     </span>
    </p>

    <p class='ocr_par' dir='ltr' id='par_1_13' title="bbox 155 2861 547 2907">
     <span class='ocr_line' id='line_1_42' title="bbox 155 2861 547 2907; baseline 0.008 -15"><span class='ocrx_word' id='word_1_367' title='bbox 155 2863 207 2896; x_wconf 90' lang='lat' dir='ltr'>Ti.</span> <span class='ocrx_word' id='word_1_368' title='bbox 235 2861 376 2896; x_wconf 76' lang='lat' dir='ltr'>addidet</span> <span class='ocrx_word' id='word_1_369' title='bbox 404 2861 547 2907; x_wconf 77' lang='lat' dir='ltr'>Llpsius</span> 
     </span>
    </p>
   </div>
   <div class='ocr_carea' id='block_1_8' title="bbox 1798 887 1827 912">
    <p class='ocr_par' dir='ltr' id='par_1_14' title="bbox 1798 887 1827 912">
     <span class='ocr_line' id='line_1_43' title="bbox 1798 887 1827 912; baseline -0.103 0"><span class='ocrx_word' id='word_1_370' title='bbox 1798 887 1827 912; x_wconf 74' lang='lat'>10</span> 
     </span>
    </p>
   </div>
   <div class='ocr_carea' id='block_1_9' title="bbox 1804 1240 1831 1264">
    <p class='ocr_par' dir='ltr' id='par_1_15' title="bbox 1804 1240 1831 1264">
     <span class='ocr_line' id='line_1_44' title="bbox 1804 1240 1831 1264; baseline -0.037 0"><span class='ocrx_word' id='word_1_371' title='bbox 1804 1240 1831 1264; x_wconf 81' lang='lat'>15</span> 
     </span>
    </p>
   </div>
   <div class='ocr_carea' id='block_1_10' title="bbox 1798 1592 1831 1616">
    <p class='ocr_par' dir='ltr' id='par_1_16' title="bbox 1798 1592 1831 1616">
     <span class='ocr_line' id='line_1_45' title="bbox 1798 1592 1831 1616; baseline -0.061 0"><span class='ocrx_word' id='word_1_372' title='bbox 1798 1592 1831 1616; x_wconf 73' lang='lat'>2⁰</span> 
     </span>
    </p>
   </div>
   <div class='ocr_carea' id='block_1_11' title="bbox 1797 1944 1830 1969">
    <p class='ocr_par' dir='ltr' id='par_1_17' title="bbox 1797 1944 1830 1969">
     <span class='ocr_line' id='line_1_46' title="bbox 1797 1944 1830 1969; baseline 0 0"><span class='ocrx_word' id='word_1_373' title='bbox 1797 1944 1830 1969; x_wconf 73' lang='lat'>25</span> 
     </span>
    </p>
   </div>
  </div>
 </body>
</html>
