1977 3231
51 758 71 792 10

52 2032 71 2064 Ιᾷ

586 165 691 191 DIAL.
713 165 762 191 IV.
807 165 858 191 DE
878 165 947 190 IRA
968 165 1040 192 Llss.
1061 165 1098 192 11.
1140 166 1217 191 ἰ’-9.
1668 168 1718 206 61

101 268 284 310 accusat,
316 275 422 314 quae
454 262 603 301 mereri
634 262 760 300 satius
792 260 876 300 fuit.
937 260 1039 300 alius
1071 275 1165 301 cum
1198 267 1332 301 matre
1363 261 1561 301 consistit.
1623 260 1723 300 alius

101 333 263 374 delator
295 333 408 372 uenit
450 332 536 371 eius
578 332 777 379 criminis,
822 332 933 371 cuius
974 331 1229 371 manifestior
1261 345 1353 371 reus
1386 338 1459 372 est.
1523 338 1564 372 et
1595 332 1723 371 iudex

99 404 368 444 damnaturus
410 415 517 454 quae
557 401 653 441 fecit
694 401 856 453 eligitur
888 407 930 441 et
962 415 1118 441 corona
1149 415 1226 453 pro
1270 402 1379 442 mala
1410 415 1534 442 causa
1563 407 1724 455 pugnat

99 474 263 527 patroni
294 486 399 512 uoce
432 478 637 524 corrupta.

216 543 327 583 VIII.
391 541 505 594 Quid
526 542 687 594 singula
717 544 971 595 persequor?
1006 555 1100 581 cum
1123 543 1273 582 uideris
1301 542 1436 584 forum
1461 542 1723 581 multitudine
1761 552 1775 575 5

98 612 305 672 refertum¹
347 618 389 652 et
439 618 587 665 saepta
639 625 840 652 concursu
889 613 1025 651 omnis
1067 611 1322 665 frequentiae
1363 613 1486 666 plena
1528 618 1569 652 et
1611 612 1722 651 illum

99 685 264 731 circum,
296 684 337 722 in
368 696 452 735 quo
485 683 714 722 maximam
747 683 807 722 sui
839 688 1003 735 partem
1034 682 1213 736 populus
1246 684 1451 723 ostendit:
1493 683 1576 722 hoc
1607 684 1724 730 scito,

97 756 187 794 istic
218 755 466 794 tantundem
489 766 581 793 esse
607 754 799 792 uitiorum
832 759 1032 806 quantum
1064 753 1293 792 hominum.
1353 754 1459 794 inter
1490 755 1591 793 istos
1619 766 1724 805 quos

97 832 268 877 togatos
309 823 423 863 uides
464 823 575 862 nulla
614 837 701 876 pax
742 830 816 863 est.
888 823 993 863 alter
1035 824 1075 863 in
1112 824 1276 863 alterius
1308 825 1481 864 exitium
1513 824 1593 863 leui
1625 837 1721 862 con-

97 896 252 948 pendio
283 894 455 934 ducitur.
516 893 612 933 nulli
644 894 718 933 nisi
750 907 805 933 ex
833 894 999 934 alterius
1031 895 1173 934 iniuria
1195 902 1389 947 quaestus
1422 901 1495 934 est.
1559 894 1720 933 felicem

98 966 287 1013 oderunt,
319 964 523 1004 infelicem
545 970 829 1004 contemnunt.
893 966 1096 1004 maiorem
1125 971 1360 1016 grauantur,
1394 966 1542 1005 minori
1575 978 1723 1017 graues

97 1042 202 1076 sunt.
263 1035 434 1075 diuersis
471 1035 733 1074 stimulantur
765 1035 1070 1088 cupiditatibus.
1131 1037 1271 1075 omnia
1302 1036 1554 1089 perdita-ob
1586 1035 1723 1075 leuem

96 1106 357 1159 uoluptatem
379 1105 665 1158 praedamque
687 1108 867 1158 cupiunt.
929 1119 1014 1145 non
1043 1105 1121 1145 alia
1141 1119 1267 1158 quam
1290 1107 1330 1145 in
1352 1106 1451 1145 ludo
1474 1106 1722 1158 gladiatorio

96 1177 180 1216 uita
223 1182 287 1216 est
330 1189 425 1215 cum
457 1176 591 1215 isdem
623 1176 848 1215 uiuentium
882 1177 1250 1229 pugnantiumque.
1303 1176 1482 1216 ferarum
1515 1177 1591 1216 iste
1625 1190 1721 1215 con-

97 1252 245 1286 uentus
277 1252 351 1294 est,
383 1246 458 1285 nisi
489 1246 605 1298 quod
637 1246 728 1285 illae
751 1247 857 1285 inter
877 1259 922 1285 se
943 1246 1133 1298 placidae
1155 1253 1249 1286 sunt
1272 1260 1498 1299 morsuque
1530 1246 1722 1286 similium
1761 1260 1776 1281 5

96 1317 316 1364 abstinent,
347 1316 388 1355 hi
420 1321 564 1355 mutua
594 1317 844 1355 laceratione
874 1317 1084 1356 satiantur.
1146 1316 1228 1357 hoc
1258 1331 1342 1356 uno
1385 1317 1438 1356 ab
1481 1317 1724 1356 animalibus

97 1388 221 1426 mutis
263 1387 475 1434 differunt,
521 1387 637 1439 quod
678 1386 744 1426 illa
786 1393 1080 1426 mansuescunt
1122 1387 1342 1435 alentibus,
1396 1387 1546 1427 horum
1588 1387 1724 1427 rabies

96 1458 208 1510 ipsos
240 1471 265 1496 a
295 1457 442 1510 quibus
474 1463 537 1496 est
568 1457 722 1496 nutrita
755 1457 999 1510 depascitur.

214 1527 284 1566 IX.
346 1527 587 1579 Numquam
628 1527 746 1566 irasci
794 1527 955 1567 desinet
1007 1528 1191 1581 sapiens,
1245 1529 1278 1567 si
1332 1528 1462 1567 semel
1513 1528 1718 1580 coeperit:

96 1599 237 1637 omnia
278 1597 501 1637 sceleribus
550 1611 599 1637 ac
650 1598 754 1637 uitiis
792 1597 915 1651 plena
956 1604 1062 1638 sunt.
1129 1598 1221 1651 plus
1272 1590 1547 1638 committitur
1597 1612 1723 1652 quam

97 1668 212 1720 quod
243 1667 374 1721 possit
406 1668 656 1707 coercitione
687 1668 832 1707 sanari.
896 1674 1075 1708 certatur
1106 1669 1263 1721 ingenti
1300 1670 1486 1721 quodam
1518 1670 1723 1725 nequitiae

97 1738 343 1778 certamine:
380 1738 512 1777 maior
544 1738 695 1777 cotidie
726 1739 927 1790 peccandi
949 1739 1170 1792 cupiditas,
1202 1740 1338 1778 minor
1370 1740 1619 1779 uerecundia
1650 1745 1723 1779 est.

98 1808 274 1862 expulso
306 1807 485 1847 melioris
507 1808 793 1860 aequiorisque
815 1816 1018 1861 respectu,
1052 1823 1318 1862 quocumque
1346 1810 1478 1849 uisum
1502 1816 1565 1849 est
1596 1809 1724 1849 libido

97 1893 142 1919 se
183 1879 373 1931 inpingit,
416 1891 493 1917 nec
533 1878 682 1917 furtiua
723 1879 805 1917 iam
848 1878 1005 1918 scelera
1047 1886 1167 1919 sunt:
1212 1886 1378 1932 praeter
1429 1880 1574 1919 oculos
1616 1885 1726 1927 eunt,

98 1950 289 2002 adeoque
320 1949 360 1988 in
391 1948 602 2002 publicum
635 1948 760 1988 missa
800 1949 983 2001 nequitia
1024 1955 1087 1989 est
1119 1956 1161 1989 et
1198 1951 1237 1989 in
1269 1951 1454 1989 omnium
1487 1950 1726 2003 pectoribus
1746 1966 1760 1987 ·.

99 2019 269 2068 eualuit,
313 2025 358 2059 ut
404 2019 641 2059 innocentia
681 2032 766 2058 non
815 2033 926 2067 rara,
971 2020 1046 2059 sed
1098 2020 1209 2059 nulla
1250 2021 1311 2060 sit.
1373 2021 1574 2073 numquid
1617 2020 1725 2060 enim

105 2160 116 2192 l
145 2160 261 2191 mereri
287 2169 353 2192 cur
379 2157 541 2202 offendat
559 2169 628 2191 non
649 2157 765 2199 uideo,
800 2158 906 2193 modo
933 2161 1052 2191 iudicia
1079 2171 1121 2193 ea
1146 2159 1332 2205 z'ntelleyas
1358 2171 1450 2204 qnae
1475 2159 1535 2193 uel
1559 2157 1653 2193 mala
1673 2158 1730 2193 uel

99 2217 191 2252 bona
217 2227 296 2251 esse
313 2217 477 2262 possz'nt3
514 2216 562 2260 cf.
589 2217 694 2250 eliam
720 2215 813 2251 Plz'n.
841 2216 977 2263 Panes).
1005 2220 1048 2251 72
1076 2220 1102 2249 si
1129 2220 1282 2250 iudicium
1308 2224 1453 2250 nostrum
1479 2220 1594 2250 mereri
1620 2229 1726 2259 perse-

98 2288 240 2308 uerasses
314 2276 333 2307 ζ’)
361 2280 484 2318 pugnat
497 2274 615 2309 Koch:
637 2277 725 2307 bona
740 2275 819 2309 cod.
840 2275 997 2310 Verbum
1013 2276 1218 2311 desiderari
1235 2276 1324 2311 uidit
1345 2275 1453 2311 Gertz
1471 2287 1622 2322 quoqne,
1640 2278 1727 2308 bona

93 2345 253 2380 prauum
280 2345 357 2369 esse
380 2344 453 2368 non
478 2333 559 2368 item
679 2334 726 2375 ΑΟ
753 2335 867 2366 iniuria
895 2335 945 2377 (in
970 2346 1085 2380 mars).
1113 2334 1198 2369 aad.
1226 2347 1269 2371 m.
1298 2346 1369 2371 rec,
1397 2337 1438 2369 al.
1466 2337 1592 2378 diipno)

100 2406 140 2438 11
169 2406 294 2436 maiore
320 2404 415 2448 (pose
441 2415 458 2436 e
479 2403 553 2448 fuit
577 2406 622 2446 m)
721 2391 897 2447 grauantl‘ir
918 2405 1085 2450 (primum
1101 2405 1174 2449 fnit
1190 2411 1338 2448 gramm,
1358 2417 1402 2440 m.
1422 2405 1483 2439 ale.
1501 2416 1684 2450 suprascr.
1697 2404 1728 2445 V,

100 2462 228 2509 deinde
253 2474 325 2499 rec.
352 2474 396 2499 m.
415 2462 558 2496 addidi(
576 2465 623 2505 ur)
723 2463 763 2497 14'.
792 2476 864 2496 cum
884 2466 989 2496 isdem
1007 2466 1180 2496 uiuentium
1202 2464 1245 2505 B,
1264 2464 1398 2509 Neap.:
1427 2476 1562 2506 quorum
1582 2466 1728 2498 ludentisi

100 2521 178 2556 cod.
197 2521 263 2556 secl
287 2533 423 2564 quorum
449 2526 483 2556 ec
500 2523 510 2553 l
529 2527 561 2556 et
579 2523 600 2553 d
619 2533 637 2556 e
654 2532 748 2557 corr.
769 2523 803 2555 iu
823 2533 896 2556 ras.
922 2534 987 2557 nec
1013 2522 1103 2568 qnid
1128 2529 1234 2557 autea
1256 2523 1372 2567 fuerit
1397 2524 1586 2568 carpiscva
1611 2523 1724 2560 licum

101 2582 187 2622 (cum
206 2581 308 2612 isdem
326 2581 506 2612 bibentium
528 2579 649 2622 Gertz)
735 2583 792 2613 iste
813 2581 943 2626 Neap.:
974 2584 1029 2615 ide
1055 2582 1102 2624 (in
1122 2583 1210 2621 ras.)
1298 2582 1339 2615 lli
1366 2584 1430 2614 hoc
1449 2594 1511 2613 uno
1531 2581 1644 2626 Neap.
1663 2584 1727 2614 hoc

100 2641 132 2670 in
157 2650 220 2671 uno
246 2638 324 2673 cod.
350 2638 424 2673 sed.
458 2641 490 2670 in
515 2651 533 2670 u
561 2649 655 2673 corr.
683 2640 718 2673 in
745 2642 829 2682 ms„
857 2640 945 2685 quid
969 2645 1077 2675 antea
1099 2639 1215 2684 fecerit
1240 2652 1283 2675 φη»
1308 2640 1365 2674 liic
1390 2640 1533 2685 quidem
1567 2647 1729 2686 «limaret,

101 2703 196 2732 certe
212 2708 282 2731 non
305 2696 378 2740 fuit
404 2704 528 2734 autem;
557 2697 721 2732 mendum
740 2699 930 2732 etiamnum
958 2700 1052 2740 latet,
1079 2700 1150 2733 nisi
1165 2699 1275 2734 uerba
1301 2701 1365 2731 hoc
1388 2719 1427 2723 —
1447 2701 1631 2741 depascitur
1650 2709 1727 2732 cnm

105 2756 247 2790 Gertzio
273 2755 433 2790 ee'ce'encla
459 2766 535 2790 esse
561 2756 781 2790 censebimus
893 2759 929 2790 ΙΝ
957 2760 1086 2792 desines
1113 2760 1163 2800 (es
1189 2769 1283 2792 corr.
1311 2758 1345 2791 in
1373 2760 1416 2796 et)
1515 2759 1553 2791 *31
1585 2759 1728 2798 quodam

102 2813 316 2860 Pincianus}
346 2816 477 2856 quidem
574 2816 617 2848 '2'2
645 2817 765 2858 cotidie
793 2817 848 2853 (co
875 2817 987 2857 corr.)
1087 2818 1129 2850 “213
1158 2818 1338 2859 equi01·isq;
1368 2818 1502 2860 (iorisqj.
1532 2822 1640 2850 corr.)

103 2873 144 2906 '34'
174 2879 278 2914 preter

1744 909 1775 932 10

1744 1610 1777 1635 *20
