2008 3221
245 107 323 146 140
530 101 634 128 DIAL.
656 101 705 127 Vl.
745 101 800 126 AD
821 99 1009 125 MARCIAM
1031 99 1084 125 DE
1104 98 1427 126 CONSOLATIONE.
1469 99 1510 126 17.
1535 101 1575 127 18.

238 201 321 240 sius
352 200 429 239 illic
461 205 674 251 tyrannus,
707 197 919 244 libertatis,
952 197 1147 244 iustitiae,
1179 196 1321 248 legum
1354 197 1539 244 exitium,
1573 196 1869 235 dominationis

239 272 413 323 cupidus
446 271 570 309 etiam
603 275 700 321 post
722 268 954 315 Platonem,
987 268 1097 307 uitae
1129 268 1254 307 etiam
1287 273 1384 320 post
1417 267 1605 306 exilium:
1644 266 1744 306 alios
1768 273 1868 314 uret,

240 341 341 380 alios
393 340 652 387 uerberabit,
706 339 807 378 alios
858 339 914 378 ob
965 338 1101 377 leuem
1158 338 1361 377 offensam
1416 338 1650 377 detruncari
1703 336 1871 384 iubebit,

240 418 423 451 accerset
472 412 526 450 ad
574 411 786 449 libidinem
831 423 967 449 mares
1010 409 1266 461 feminasque
1311 415 1352 448 et
1394 411 1500 448 inter
1541 408 1690 448 foedos
1733 408 1872 459 regiae

206 495 219 517 5·
240 482 582 534 intemperantiae
625 494 776 533 greges
816 494 964 533 parum
1009 481 1083 520 erit
1116 479 1236 519 simul
1268 479 1374 518 binis
1407 480 1529 519 coire.
1592 479 1741 518 audisti
1772 479 1871 530 quid

191 847 220 871 10

193 1202 221 1226 15

191 1556 223 1579 20

240 561 282 592 te
313 553 485 592 inuitare
516 553 659 605 possit,
691 553 791 603 quid
824 552 1079 591 absterrere:
1123 551 1298 602 proinde
1331 557 1401 589 aut
1434 552 1582 602 nauiga
1615 557 1686 589 aut
1719 551 1872 589 resiste.

240 630 337 675 post
379 623 486 662 hanc
529 623 888 662 denuntiationem
932 623 963 661 si
1005 622 1097 673 quis
1142 621 1315 661 dixisset
1365 621 1516 660 intrare
1557 635 1602 660 se
1643 620 1873 679 Syracusas
1913 624 1918 631 ”

241 694 366 742 uelle,
410 695 563 733 satisne
606 695 754 733 iustam
799 692 1026 745 querellam
1061 693 1114 732 de
1146 692 1229 731 ullo
1261 692 1335 731 nisi
1369 693 1422 731 de
1454 705 1498 730 se
1529 692 1685 731 habere
1718 697 1874 744 posset,

240 766 308 817 qui
351 779 436 804 non
479 765 688 804 incidisset
730 765 770 803 in
812 764 899 811 illa,
943 765 1018 802 sed
1058 764 1241 816 prudens
1273 763 1489 814 sciensque
1522 763 1730 802 uenisset?
1775 764 1874 802 dicit

242 836 437 876 omnibus
479 836 600 875 nobis
642 841 813 874 natura:
861 835 1070 874 neminem
1115 835 1288 887 decipio.
1351 840 1395 873 tu
1438 834 1469 873 si
1516 832 1620 873 filios
1653 833 1874 881 sustuleris,

241 908 397 959 poteris
430 906 586 946 habere
617 906 849 954 formosos,
893 912 933 945 et
968 905 1177 945 deformes
1209 906 1377 957 poteris.
1441 904 1617 945 fortasse
1649 905 1751 945 muti
1783 918 1872 944 nas-

242 984 395 1017 centur.
459 991 549 1017 esse
591 977 735 1029 aliquis
778 991 832 1016 ex
875 976 949 1016 illis
991 983 1076 1016 tam
1118 982 1306 1016 seruator
1337 977 1494 1029 patriae
1527 990 1653 1029 quam
1685 976 1876 1029 proditor

241 1049 405 1101 poterit.
448 1062 533 1087 non
566 1055 630 1088 est
662 1049 778 1100 quod
811 1049 1009 1101 desperes
1042 1053 1184 1087 tantae
1207 1048 1457 1100 dignationis
1479 1047 1649 1095 futuros,
1684 1053 1728 1086 ut
1749 1059 1875 1086 nemo
1908 1049 1921 1054 “

241 1120 315 1159 tibi
357 1126 530 1172 propter
571 1119 662 1159 illos
705 1118 955 1158 maledicere
997 1119 1175 1158 audeat:
1230 1132 1422 1171 propone
1464 1124 1605 1158 tamen
1652 1124 1693 1157 et
1735 1123 1877 1157 tantae

244 1190 401 1230 futuros
443 1190 727 1244 turpitudinis,
771 1197 815 1229 ut
858 1190 932 1242 ipsi
975 1189 1198 1229 maledicta
1240 1191 1331 1229 sint.
1394 1189 1490 1228 nihil
1535 1195 1648 1228 uetat
1680 1188 1771 1228 illos
1803 1188 1875 1228 tibi

242 1275 438 1313 suprema
479 1267 692 1313 praestare
735 1267 776 1300 et
818 1260 974 1300 laudari
1017 1267 1059 1300 te
1101 1274 1124 1300 a
1168 1260 1304 1300 liberis
1347 1262 1450 1300 tuis:
1499 1261 1574 1300 sed
1613 1261 1670 1300 sic
1702 1266 1744 1300 te
1777 1273 1876 1312 para

242 1339 459 1384 tamquam
492 1333 530 1371 in
563 1334 703 1383 ignem
737 1332 988 1383 impositurus
1022 1331 1087 1370 uel
1118 1345 1294 1384 puerum
1328 1331 1394 1370 uel
1417 1332 1607 1371 iuuenem
1633 1331 1698 1370 uel
1720 1344 1876 1371 senem.

244 1403 341 1443 nihil
384 1404 493 1443 enim
537 1404 590 1442 ad
623 1417 711 1442 rem
745 1404 951 1455 pertinent
985 1404 1100 1451 anni,
1143 1403 1341 1455 quoniam
1373 1402 1530 1442 nullum
1563 1417 1647 1442 non
1680 1402 1877 1442 acerbum

245 1475 363 1514 sunus
408 1481 491 1522 est,
534 1475 649 1526 quod
691 1488 841 1527 parens
885 1475 1079 1526 sequitur.
1142 1481 1239 1526 post
1280 1473 1355 1513 has
1399 1473 1514 1526 leges
1546 1474 1805 1526 propositas,
1848 1474 1879 1511 si

245 1546 397 1585 liberos
440 1545 570 1593 tollis,
614 1545 726 1584 omni
771 1546 875 1584 deos
918 1545 1070 1584 inuidia
1102 1544 1272 1593 liberas,
1315 1546 1382 1597 qui
1414 1544 1487 1584 tibi
1520 1544 1618 1584 nihil
1651 1545 1750 1584 certi
1783 1557 1877 1597 spo-

245 1617 494 1669 ponderunt.

364 1687 516 1726 XVIII.
581 1687 653 1727 Ad
697 1687 804 1726 hanc
849 1687 1074 1739 imaginem
1117 1687 1302 1739 agedum
1347 1687 1474 1726 totius
1518 1687 1625 1727 uitae
1667 1687 1879 1727 introitum

245 1758 359 1798 refer.
424 1772 476 1797 an
519 1757 748 1810 Syracusas
802 1759 955 1797 uiseres
1007 1757 1253 1798 deliberanti
1295 1758 1367 1797 tibi
1419 1757 1618 1810 quidquid
1671 1757 1880 1797 delectare

188 1862 191 1865 Α
245 1834 422 1881 poterat,
456 1829 658 1881 quidquid
691 1827 920 1875 offendere,
954 1828 1142 1881 exposui.
1196 1834 1297 1880 puta
1328 1828 1513 1868 nascenti
1547 1842 1614 1868 me
1644 1828 1718 1868 tibi
1741 1828 1881 1867 uenire

211 1918 224 1933 z»
247 1901 285 1939 in
328 1899 567 1939 consilium:
615 1900 838 1939 intraturus
881 1912 924 1938 es
968 1899 1114 1938 urbem
1149 1900 1211 1938 dis
1244 1899 1566 1952 hominibusque
1599 1913 1880 1947 communem,

247 1972 387 2010 omnia
416 1970 680 2023 conplexam,
714 1971 835 2010 certis
858 1970 1020 2022 legibus
1044 1971 1305 2022 aeternisque
1328 1971 1579 2019 deuinctam,
1611 1970 1881 2022 indefatigata

255 2119 260 2150 1
294 2120 435 2150 tirannus
573 2117 592 2150 3
620 2119 805 2149 uerberabit
834 2116 961 2162 mclqo:
992 2119 1172 2149 uerberauit
1304 2117 1320 2150 ⁴i
1352 2119 1445 2159 [φάος
1575 2120 1683 2160 regiae
1710 2124 1739 2150 ct
1767 2119 1880 2150 intem-

247 2185 392 2225 perant&
418 2195 510 2225 reges
537 2182 614 2217 cod.
643 2194 758 2225 greges
786 2181 985 2217 deteriores
1106 2183 1125 2213 ἵ»
1153 2184 1220 2225 quit
1248 2187 1273 2222 (t
1300 2183 1333 2216 1'21
1363 2184 1383 2214 d
1411 2184 1520 2226 corr.)
1651 2184 1662 2217 ἶ
1691 2186 1881 2226 syrachusas

386 2242 407 2276 8
434 2248 541 2284 posset
570 2242 705 2288 Ne(1]).:
744 2244 844 2284 possit
968 2244 987 2274 §l
1016 2243 1179 2274 incidisset
1207 2241 1280 2276 E²z
1311 2243 1410 2274 incidi
1540 2243 1569 2276 ll
1602 2245 1680 2275 muti
1707 2241 1878 2288 Μίιιίῖιίςχε

248 2303 338 2333 inulti
489 2301 528 2335 15
562 2303 624 2333 sint
659 2300 875 2335 deteriores:
912 2302 951 2333 sit
1100 2302 1138 2333 lli
1173 2313 1323 2344 suprema
1461 2307 1626 2344 praestare
1660 2301 1878 2337 deteriores:

247 2362 384 2403 prestari
501 2360 539 2394 17
570 2363 599 2392 in
629 2363 735 2403 ignem
763 2360 980 2395 deteriores:
1010 2362 1120 2401 inigne
1147 2359 1225 2395 cod.
1253 2360 1301 2405 cf.
1330 2360 1374 2395 dc
1399 2361 1456 2394 ira
1484 2363 1515 2401 3,
1545 2363 1599 2401 23,
1628 2364 1647 2395 6
1761 2363 1880 2404 inposi-

248 2449 334 2475 turus
360 2442 556 2477 Erasmus:
587 2445 765 2486 inpositura
894 2443 931 2477 18
958 2445 1058 2475 nichil
1174 2445 1298 2486 ptinent
1318 2428 1384 2444 aum
1512 2444 1551 2477 19
1579 2450 1624 2476 est
1636 2454 1656 2474 ÷÷÷
1682 2445 1770 2486 quod

248 2503 292 2535 20
319 2503 420 2534 nichil
541 2508 650 2536 tolum
685 2502 780 2536 lamec
812 2502 927 2536 locum
954 2501 1037 2536 inde
1062 2513 1084 2536 a
1119 2504 1198 2534 dicit
1224 2504 1375 2535 omnibus
1400 2504 1496 2535 nobis
1521 2510 1634 2534 natura
1661 2514 1694 2537 υ.
1723 2504 1743 2536 9
1770 2513 1883 2548 usque

248 2560 299 2595 ad
331 2563 574 2603 spoponderunt
610 2564 648 2595 21
685 2561 754 2596 lmc
787 2573 856 2596 uon
888 2562 1072 2607 pertinere
1098 2561 1191 2596 uidit
1216 2560 1367 2607 Madm'q
1490 2563 1532 2604 '323
1560 2563 1651 2596 refer.
1680 2573 1719 2593 an
1750 2561 1878 2596 Gertz:

249 2621 408 2652 refertar&
434 2621 580 2666 (itaque
613 2620 692 2658 cod,
719 2632 789 2655 nou
825 2620 929 2656 habel
964 2622 1155 2661 refertanus,
1190 2620 1257 2655 sed
1288 2621 1447 2653 resertani
1484 2621 1622 2666 Siquam
1647 2626 1730 2666 post
1765 2633 1804 2653 an
1830 2626 1883 2655 est

248 2679 324 2714 siue
351 2679 459 2714 (lubio
478 2680 728 2726 interpunctio,
757 2691 836 2715 cum
855 2679 944 2715 Itali
967 2679 1068 2725 apud
1084 2679 1292 2715 Fickertum
1315 2680 1415 2724 falso
1441 2679 1611 2726 leqerinc:
1641 2680 1740 2725 quod
1757 2684 1809 2715 esl
1831 2682 1880 2722 us)

1853 2747 1861 2764 l

385 2774 428 2807 ‘33
464 2786 496 2806 es
532 2776 643 2806 urbem
673 2774 888 2809 deteriores:
919 2780 962 2807 est
990 2776 1069 2807 urbe
1207 2776 1256 2807 dis
1291 2777 1543 2817 hominibusque
1578 2774 1795 2809 deteriores:
1833 2776 1882 2807 dis

251 2834 435 2864 hominibus
