1977 3231
50 1507 70 1541 10

388 130 492 158 DIAL.
509 130 573 156 VII.
611 130 668 156 AD
689 108 922 156 GALLIoNEM
946 130 998 156 DE
1017 130 1108 156 VITA
1130 129 1272 157 BEATA.
1310 130 1354 157 23.
1375 131 1418 157 24.
1635 134 1714 173 177

89 228 187 267 estis
229 240 282 266 an
327 239 408 279 ego
450 227 509 267 uti
551 226 701 267 diuitiis
746 228 911 267 nescio?
955 218 1334 280 'quemadmodum
1377 228 1501 267 etiam
1539 226 1717 280 pedibus

89 299 171 338 suis
202 298 356 351 poterit
388 299 466 338 iter
499 297 724 346 conficere,
768 298 993 338 escendere
1025 304 1167 338 tamen
1199 297 1430 338 uehiculum
1464 297 1617 339 malet:
1659 299 1718 339 sic

89 382 247 422 pauper
279 369 432 420 poterit
464 381 566 416 esse,
599 369 714 408 diues
746 368 870 417 uolet,
901 368 1075 409 habebit
1096 370 1236 420 itaque
1259 382 1373 421 opes,
1406 368 1479 408 sed
1502 375 1717 421 tamquam

89 439 202 479 leues
244 446 286 479 et
328 437 575 479 auolaturas.
636 452 713 479 nec
754 438 821 479 ulli
863 438 928 479 alii
971 452 1048 478 nec
1089 439 1165 478 sibi
1207 452 1355 490 graues
1394 453 1485 479 esse
1526 441 1717 492 patietur.

91 510 267 550 donabit
294 534 345 538 —
368 511 468 562 quid
501 511 690 550 erexistis
724 512 870 550 aures?
903 510 1003 562 quid
1036 510 1244 561 expeditis
1276 511 1439 550 sinum?
1462 534 1512 538 -—
1543 510 1719 550 donabit

90 588 161 622 aut
193 581 313 621 bonis
347 588 417 621 aut
450 583 519 630 eis,
553 595 657 633 quos
689 580 824 621 facere
854 580 1010 633 poterit
1041 580 1187 620 bonos.
1238 580 1414 620 donabit
1435 594 1529 621 cum
1552 594 1718 620 summo

91 651 262 692 consilio
306 652 573 704 dignissimos
616 651 791 704 eligens,
834 657 879 692 ut
921 651 987 703 qui
1031 651 1265 691 meminerit
1306 658 1394 691 tam
1437 665 1718 704 expensorum

91 737 217 775 quam
251 729 519 776 acceptorum
552 724 755 762 rationem
791 735 881 762 esse
913 722 1185 761 reddendam.
1239 721 1414 762 donabit
1447 736 1501 761 ex
1534 729 1647 763 recta
1679 728 1719 762 et

91 793 299 846 probabili
347 807 483 834 causa.
546 807 642 833 nam
691 795 798 834 inter
838 800 980 846 turpes
1022 794 1198 833 iacturas
1241 792 1395 833 malum
1439 807 1586 833 munus
1627 800 1714 833 est:

91 864 265 905 habebit
295 866 427 905 sinum
461 864 633 913 facilem,
666 878 750 904 non
781 863 1050 917 perforatum,
1083 878 1137 903 ex
1169 877 1253 915 quo
1285 863 1417 904 multa
1448 870 1612 912 exeant,
1645 865 1721 904 sed

92 935 190 976 nihil
225 936 396 976 excidat.

211 1006 369 1046 XXIV.
421 1006 565 1055 Errat,
607 1007 641 1046 si
683 1007 773 1058 quis
814 1006 1028 1045 existimat
1069 1004 1231 1045 facilem
1273 1019 1361 1045 rem
1405 1019 1495 1063 esse
1534 1007 1716 1046 donare:

93 1077 315 1130 plurimum
347 1078 428 1117 ista
458 1091 523 1117 res
555 1076 684 1117 habet
706 1075 969 1125 difficultatis,
1001 1077 1033 1116 si
1055 1077 1187 1115 modo
1210 1076 1380 1116 consilio
1404 1077 1605 1126 tribuitur,
1637 1090 1721 1116 non

95 1161 191 1188 casu
223 1155 266 1188 et
297 1149 440 1201 inpetu
462 1149 679 1200 spargitur.
722 1147 831 1186 hunc
851 1160 1106 1201 promereor,
1139 1146 1192 1187 illi
1215 1147 1358 1187 reddo.
1400 1147 1494 1187 huic
1515 1161 1720 1196 succurro,

93 1219 212 1259 huius
245 1219 453 1259 misereor.
507 1218 620 1259 illum
651 1219 808 1258 instruo
841 1219 1014 1271 dignum
1043 1232 1167 1270 quern
1190 1231 1274 1258 non
1297 1218 1477 1259 deducat
1498 1225 1722 1272 paupertas

95 1303 171 1330 nec
202 1297 454 1343 occupatum
486 1296 638 1330 teneat.
691 1289 940 1341 quibusdam
972 1303 1058 1329 non
1090 1289 1214 1337 dabO,
1247 1291 1437 1341 quamuis
1466 1291 1584 1338 desit,
1617 1291 1722 1342 quia,

96 1362 258 1401 etiamsi
301 1362 480 1409 dedero,
524 1362 602 1400 erit
635 1359 885 1400 defuturum.
948 1360 1200 1412 quibusdam
1233 1349 1431 1408 offeram,
1473 1361 1722 1412 quibusdam

97 1434 223 1472 etiam
254 1431 486 1472 inculcabo.
529 1445 613 1471 non
644 1444 818 1484 possum
849 1432 889 1470 in
921 1431 999 1473 hac
1031 1444 1074 1470 re
1103 1444 1193 1470 esse
1215 1431 1453 1483 neglegens.
1496 1445 1722 1484 numquam

97 1504 231 1554 magis
263 1504 433 1542 nomina
454 1502 570 1550 facio,
604 1515 730 1554 quam
754 1515 848 1541 cum
872 1503 996 1541 dono.
1063 1502 1188 1553 quid?
1221 1508 1276 1550 tu,
1309 1503 1452 1553 inquis,
1485 1509 1723 1555 recepturus

99 1574 258 1614 donas?
301 1575 432 1613 immo
474 1587 558 1613 non
599 1574 858 1627 perditurus:
907 1587 956 1613 eo
995 1572 1090 1612 loco
1129 1574 1182 1613 sit
1214 1572 1406 1621 donatio,
1451 1572 1559 1612 unde
1591 1574 1723 1624 repeti

97 1657 181 1683 non
214 1644 389 1692 debeat,
423 1645 540 1684 reddi
572 1646 714 1696 possit.
778 1643 1024 1683 beneficium
1058 1643 1318 1692 conlocetur,
1362 1644 1722 1695 quemadmodum

97 1714 316 1755 thesaurus
347 1715 430 1755 alte
463 1715 648 1763 obrutus,
681 1728 806 1767 quem
838 1729 923 1754 non
955 1728 1084 1763 eruas,
1119 1715 1195 1754 nisi
1226 1714 1346 1755 fuerit
1378 1728 1558 1754 necesse.
1597 1715 1722 1766 quid?

99 1788 251 1827 domus
283 1788 372 1839 ipsa
403 1787 541 1826 diuitis
574 1787 646 1825 uiri
669 1792 868 1837 quantam
890 1785 1020 1826 habet
1041 1785 1328 1826 benefaciendi
1350 1787 1592 1825 materiam?
1633 1786 1723 1837 quis

100 1858 208 1897 enim
247 1857 539 1898 liberalitatem
573 1864 734 1897 tantum
770 1857 823 1897 ad
855 1863 1027 1909 togatos
1060 1859 1210 1897 uocat?
1252 1856 1491 1896 hominibus
1522 1857 1724 1909 prodesse

100 1935 246 1969 natura
277 1942 344 1968 me
377 1928 515 1968 iubet:
552 1930 661 1968 serui
692 1927 862 1968 liberine
893 1929 974 1968 sint
1005 1928 1057 1976 hi,
1091 1929 1256 1979 ingenui
1289 1941 1341 1967 an
1372 1927 1561 1975 libertini,
1594 1929 1725 1967 iustae
1746 1941 1760 1959 ·-

99 1999 300 2039 libertatis
334 2013 385 2038 an
416 2001 522 2039 inter
554 2001 713 2040 amicos
746 1999 880 2047 datae,
913 2000 1013 2052 quid
1042 1999 1191 2040 refert?
1225 1999 1477 2050 ubicumque
1498 1998 1628 2038 homo
1652 2004 1725 2045 est,

100 2070 155 2110 ibi
197 2070 370 2110 benefici
413 2070 528 2110 locus
571 2076 645 2110 est.
706 2076 847 2123 potest
888 2071 1028 2121 itaque
1070 2071 1245 2123 pecunia
1287 2072 1412 2110 etiam
1453 2071 1561 2109 intra
1601 2069 1725 2108 limen

103 2326 124 2360 2
159 2329 330 2360 escendere
366 2328 397 2371 (e
423 2327 457 2360 in
485 2339 503 2359 a
529 2326 638 2371 corr.)
806 2329 851 2360 sic
877 2339 999 2370 pauper
1025 2329 1142 2370 poterit
1168 2339 1253 2367 esse,
1289 2328 1378 2360 diues
1404 2329 1489 2359 uolet
1518 2326 1644 2362 Gertz:
1682 2329 1726 2359 sie

103 2388 207 2428 paup¹
235 2388 261 2418 si
288 2388 405 2429 poterit
430 2397 498 2418 esse
524 2387 633 2419 diues!
661 2387 747 2419 uolet
868 2388 887 2419 55
914 2388 1049 2418 habebit
1075 2387 1183 2429 itaque
1207 2384 1376 2431 BIadul'q:
1406 2392 1435 2418 et
1460 2387 1595 2418 habebit
1622 2388 1728 2429 itaque

221 2446 242 2480 4
277 2447 350 2478 ali*
472 2446 491 2479 5
526 2446 664 2477 donabit
701 2446 791 2488 (quid
817 2447 959 2478 erexistis
984 2448 1095 2478 aures?
1130 2447 1206 2488 quid
1233 2446 1388 2488 expeditis
1414 2447 1557 2488 sinum)
1593 2446 1729 2477 donabit

107 2503 232 2540 Cu‘rz'o:
270 2506 535 2548 quid.donabit.’
562 2506 596 2548 (b
624 2514 673 2538 ex
698 2516 717 2537 u
744 2505 853 2548 corr.)
881 2506 1022 2538 erexistis
1048 2516 1149 2539 aures.
1176 2506 1254 2547 quid
1279 2505 1435 2547 expeditis
1460 2505 1728 2539 sinum.d0nauit

108 2564 157 2607 (in
193 2565 356 2609 marqine
389 2574 432 2598 m.
459 2566 479 2597 4
507 2576 534 2598 c.
563 2565 714 2607 donabit)
862 2565 904 2599 10
939 2569 1070 2603 exeant,
1105 2565 1160 2596 sed
1187 2564 1268 2595 nihil
1294 2562 1393 2598 Koch
1420 2569 1534 2596 exeant
1559 2569 1604 2596 set
1630 2564 1728 2595 nichil

107 2622 207 2666 corb,
242 2634 357 2668 neque
389 2623 481 2658 enim
515 2623 559 2658 cle
593 2623 710 2658 littera
736 2636 750 2655 5
776 2627 858 2658 ante
883 2629 912 2656 et
948 2623 1093 2657 mullum
1128 2622 1358 2657 dubilationis
1391 2622 1604 2668 relinquitur

110 2681 151 2715 '14
171 2683 293 2725 impetu
414 2683 456 2717 17
475 2684 590 2726 quibus
609 2684 682 2715 da*
803 2684 996 2725 quibusdam
1017 2684 1112 2714 etiam
1134 2681 1352 2717 deteriores:
1381 2683 1496 2724 quibus
1514 2684 1611 2714 etiam

108 2740 152 2775 18
179 2742 210 2772 in
229 2742 291 2774 hac
310 2753 344 2774 re
361 2751 429 2774 esse
448 2740 530 2778 dett,
546 2755 552 2774 ε
584 2743 614 2773 in
634 2743 696 2774 hac
715 2753 783 2774 esse
801 2754 834 2774 re
852 2742 934 2786 (esse
951 2753 985 2774 re
1002 2742 1035 2775 in
1056 2743 1144 2783 ras.)
1243 2753 1326 2774 nunc
1345 2744 1409 2784 qua
1506 2741 1549 2775 23
1577 2746 1728 2782 quantam

107 2799 209 2835 deth:
239 2805 359 2843 quantu
481 2800 525 2834 25»
552 2807 665 2832 natura
690 2812 743 2833 me
770 2802 855 2833 iubet
882 2800 1024 2835 Haase:
1052 2805 1199 2832 naturam
1226 2806 1256 2832 et
1283 2801 1369 2832 iubet
1489 2801 1570 2832 serui
1599 2798 1633 2833 E
1644 2801 1670 2831 ¹:
1700 2803 1728 2831 ei

107 2861 189 2891 serui
311 2859 354 2893 Ql'·
381 2860 435 2890 ubi
462 2870 603 2902 cumq3÷÷
726 2859 768 2893 27
797 2861 944 2910 beneficii
972 2858 1103 2903 (altera
1131 2862 1138 2891 i
1165 2872 1187 2893 (ι
1214 2870 1308 2894 corr.
1335 2858 1474 2903 addila)

1411 2918 1446 2951 12

1744 876 1774 899 10

1747 1228 1774 1252 [11

1742 1580 1775 1605 20
