1977 3231
92 1730 112 1762 PC

627 145 731 172 DIAL.
753 145 802 172 IV.
842 146 894 171 DE
915 146 982 171 IRA
1004 145 1076 172 LIB.
1099 146 1135 172 11.
1179 147 1218 173 14.
1243 148 1283 172 15.
1708 150 1760 188 67

140 243 363 296 aliquando
396 233 677 283 incutiendus*
694 249 756 283 est
794 244 839 282 iis
871 249 1007 282 metus
1039 242 1149 295 apud
1181 256 1287 295 quos
1319 242 1423 281 ratio
1455 255 1540 281 non
1571 241 1759 294 proficit:

139 314 257 353 irasci
298 313 468 366 quidem
499 327 583 352 non
615 314 749 365 magis
781 313 879 353 utile
912 319 974 352 est
1005 326 1132 366 quam
1165 326 1362 360 maerere,
1401 325 1526 365 quam
1566 318 1764 352 metuere.

141 383 239 441 quid
281 385 408 435 ergo?
461 397 546 423 non
589 384 772 423 incidunt
815 397 962 423 causae
1000 397 1107 436 quae
1139 384 1242 422 iram
1274 382 1505 422 lacessant?
1559 383 1635 422 sed
1667 389 1766 423 tunc

140 455 324 493 maxime
375 453 430 493 illi
481 455 764 507 opponendae
806 467 953 493 manus
994 460 1099 493 sunt.
1171 467 1248 493 nec
1290 459 1353 493 est
1395 452 1560 493 difficile
1601 454 1765 493 uincere

139 524 336 572 animum,
367 536 462 563 cum
494 524 676 564 athletae
707 537 875 577 quoque
906 525 946 563 in
968 524 1161 563 uilissima
1182 524 1241 563 sui
1269 530 1387 576 parte
1409 524 1599 577 occupati
1622 530 1764 564 tamen
1785 536 1800 560 5

139 594 242 634 ictus
275 593 526 647 doloresque
557 596 781 651 patiantur,
814 601 859 634 ut
891 595 996 634 uires
1028 595 1239 633 caedentis
1271 594 1528 642 exhauriant,
1561 608 1637 634 nec
1670 608 1764 634 cum

140 665 199 703 ira
240 666 404 713 suadet,
447 665 610 714 feriant,
652 666 727 705 sed
769 679 862 704 cum
902 664 1078 704 occasio.
1140 665 1346 715 Pyrrhum
1380 665 1611 704 maximum
1645 678 1762 718 prae-

141 742 357 787 ceptorem
410 736 644 775 certaminis
691 736 876 788 gymnici
924 734 1092 775 solitum
1140 735 1252 774 aiunt
1304 735 1348 773 iis
1390 748 1496 787 quos
1538 736 1765 775 exercebat

139 806 390 858 praecipere,
422 820 474 846 ne
507 807 788 847 irascerentur.
841 806 899 845 ira
921 806 1030 845 enim
1053 805 1270 858 perturbat
1292 811 1424 845 artem
1448 811 1490 844 et
1512 819 1593 858 qua
1616 812 1766 845 noceat

139 882 302 915 tantum
324 877 510 929 adspicit.
559 891 684 930 saepe
706 878 844 929 itaque
866 877 971 916 ratio
995 876 1236 930 patientiam
1259 876 1419 924 suadet,
1451 876 1509 915 ira
1531 876 1765 924 uindictam,
1790 888 1819 912 10

143 952 184 985 et
216 947 284 999 qui
316 947 457 1000 primis
481 947 650 1000 defungi
673 947 790 987 malis
811 948 1035 1001 potuimus,
1068 947 1107 986 in
1131 947 1288 986 maiora
1314 945 1585 986 deuoluimur.
1638 960 1762 999 quos-

141 1017 238 1056 dam
292 1018 408 1056 unius
457 1017 572 1057 uerbi
615 1018 867 1058 contumelia
907 1032 992 1057 non
1034 1030 1169 1070 aequo
1212 1018 1350 1056 animo
1393 1017 1486 1064 lata·
1517 1018 1556 1056 in
1598 1016 1767 1055 exilium

140 1087 322 1139 proiecit.
375 1094 417 1127 et
449 1089 517 1141 qui
549 1088 684 1128 leuem
717 1089 903 1128 iniuriam
936 1087 1098 1128 silentio
1121 1087 1225 1127 ferre
1253 1087 1482 1135 noluerant,
1514 1088 1767 1139 grauissimis

141 1157 257 1196 malis
311 1158 448 1198 obruti
499 1165 610 1207 sunt,
663 1159 947 1211 indignatique
994 1158 1147 1211 aliquid
1199 1171 1254 1196 ex
1295 1157 1533 1210 plenissima
1574 1157 1767 1196 libertate

141 1228 322 1267 deminui
353 1228 499 1268 seruile
530 1229 569 1268 in
602 1242 693 1268 sese
725 1230 997 1269 adtraxerunt
1027 1230 1181 1281 iugum.
1787 1243 1818 1267 15

258 1299 353 1338 XV.
408 1299 467 1339 Vt
508 1300 629 1348 scias,
677 1300 821 1352 inquit,
864 1299 967 1339 iram
1008 1299 1165 1338 habere
1207 1299 1247 1337 in
1288 1312 1334 1337 se
1371 1299 1562 1350 generosi
1604 1297 1768 1350 aliquid,

141 1368 291 1409 liberas
322 1370 417 1409 uide
447 1371 501 1409 sis
534 1377 702 1423 gentes,
735 1384 841 1423 quae
874 1370 1210 1409 iracundissimae
1242 1376 1348 1417 sunt,
1382 1376 1425 1408 ut
1459 1369 1693 1409 Germanos
1726 1374 1768 1408 et

141 1438 332 1491 Scythas.
395 1442 509 1493 quod
541 1442 699 1489 euenit,
732 1442 828 1493 quia
859 1440 980 1480 fortia
1010 1440 1227 1493 solidaque
1258 1446 1404 1479 natura
1438 1441 1618 1491 ingenia,
1652 1445 1767 1479 ante·

141 1524 266 1563 quam
311 1511 521 1563 disciplina
563 1511 816 1559 molliantur,
858 1525 991 1564 prona
1032 1511 1071 1550 in
1113 1511 1215 1550 iram
1248 1516 1353 1550 sunt.
1415 1511 1623 1563 quaedam
1656 1510 1767 1549 enim

140 1594 225 1619 non
276 1581 350 1620 nisi
401 1581 637 1622 melioribus
688 1582 954 1621 innascuntur
1003 1581 1192 1633 ingeniis,
1255 1581 1359 1620 sicut
1411 1580 1547 1619 ualida
1597 1579 1766 1619 arbusta
1785 1593 1819 1619 ‘20

139 1651 248 1690 laeta
280 1653 468 1704 quamuis
501 1652 693 1703 neglecta
724 1651 844 1691 tellus
876 1657 1010 1700 creat,
1053 1660 1092 1690 et
1123 1651 1206 1690 alta
1237 1650 1400 1690 fecundi
1432 1650 1508 1690 soli
1539 1650 1641 1690 silua
1673 1656 1760 1690 est:

139 1720 278 1774 itaque
309 1727 351 1761 et
383 1723 546 1774 ingenia
577 1728 723 1762 natura
755 1721 875 1762 fortia
908 1722 1162 1762 iracundiam
1194 1721 1329 1761 ferunt
1359 1720 1538 1774 nihilque
1571 1728 1694 1761 tenue
1723 1727 1765 1760 et

139 1791 247 1831 exile
290 1794 456 1845 capiunt
498 1794 620 1845 ignea
662 1799 703 1832 et
736 1793 909 1841 feruida,
951 1793 1024 1832 sed
1057 1791 1305 1844 inperfectus
1338 1791 1411 1831 illis
1445 1792 1563 1844 uigor
1596 1798 1677 1840 est,
1719 1799 1764 1832 ut

138 1862 349 1912 omnibus,
392 1876 498 1916 quae
540 1864 627 1903 sine
668 1870 757 1903 arte
800 1863 923 1915 ipsius
965 1868 1129 1902 tantum
1172 1868 1344 1901 naturae
1384 1862 1500 1901 bono
1543 1869 1764 1915 exurgunt,

138 1934 214 1973 sed
258 1935 331 1973 nisi
374 1935 455 1973 cito
498 1934 660 1974 domita
701 1940 812 1982 sunt,
856 1947 962 1985 quae
1003 1933 1231 1972 fortitudini
1263 1938 1361 1985 apta
1393 1938 1526 1981 erant,
1568 1933 1766 1972 audaciae
1785 1945 1818 1971 25

137 2004 444 2057 temeritatique
497 2010 782 2044 consuescunt.
855 2004 981 2056 quid?
1049 2017 1133 2043 non
1186 2003 1418 2043 mitioribus
1471 2004 1616 2042 animis
1670 2004 1767 2042 uitia

137 2074 294 2114 leniora
336 2076 554 2114 coniuncta
595 2081 709 2123 sunt,
753 2081 796 2114 ut
838 2075 1120 2114 misericordia
1161 2080 1204 2114 et
1245 2088 1366 2114 amor
1407 2080 1448 2114 et
1491 2074 1764 2113 uerecundia?

138 2145 276 2197 itaque
308 2159 434 2198 saepe
465 2146 537 2185 tibi
570 2145 727 2185 bonam
759 2144 945 2184 indolem
970 2145 1087 2184 malis
1109 2158 1277 2198 quoque
1299 2146 1380 2184 suis
1404 2145 1638 2184 ostendam.
1690 2144 1766 2183 sed

138 2229 222 2254 non
263 2217 358 2255 ideo
392 2216 488 2255 uitia
520 2229 604 2256 non
636 2222 742 2264 sunt,
780 2215 812 2254 si
851 2222 1021 2255 naturae
1054 2215 1233 2255 melioris
1266 2216 1413 2254 indicia
1445 2221 1549 2254 sunt.
1613 2214 1766 2253 deinde

139 2299 286 2325 omnes
337 2286 439 2325 istae
480 2285 642 2326 feritate
682 2286 837 2325 liberae
881 2292 1027 2338 gentes
1071 2285 1239 2325 leonum
1282 2286 1560 2338 luporumque
1602 2285 1678 2324 ritu
1718 2290 1762 2324 ut
1781 2298 1814 2319 :w

137 2357 290 2396 seruire
331 2370 415 2396 non
457 2363 650 2410 possunt,
692 2357 748 2396 ita
789 2369 867 2396 nec
907 2357 1124 2409 imperare.
1193 2370 1276 2395 non
1318 2357 1427 2395 enim
1469 2356 1639 2395 humani
1681 2356 1763 2405 uim

137 2508 157 2542 3
185 2519 345 2550 causaque
372 2510 468 2550 (aque
493 2508 527 2541 in
556 2508 646 2549 ras.)
784 2507 803 2540 ἴ)
839 2508 881 2538 ad
907 2508 969 2549 lete
996 2508 1031 2550 (d
1059 2509 1167 2549 corr.)
1302 2507 1313 2540 ἶ
1351 2508 1465 2539 feriant
1495 2506 1620 2541 Gertz:
1651 2507 1765 2538 feriunt

232 2567 357 2607 Phyrru
496 2571 516 2595 δ’
542 2567 643 2599 solitu
670 2567 757 2598 aiunt
785 2567 821 2608 (sl
849 2577 866 2597 a
894 2566 929 2599 in
957 2567 1043 2607 ras.)
1191 2566 1210 2599 9
1242 2567 1368 2607 pturbat
1397 2566 1486 2606 (ptur
1511 2566 1620 2606 corr.)

142 2624 181 2658 Π
208 2626 282 2656 uide
308 2626 349 2656 sis
376 2623 476 2659 Koch
503 2624 606 2667 (conl.
633 2623 684 2658 ad
707 2623 822 2658 Marc.
854 2627 906 2665 19,
938 2627 991 2662 li:
1022 2626 1147 2656 uidebis
1280 2625 1320 2657 1*
1347 2624 1452 2655 solida
1478 2635 1510 2665 q.
1539 2624 1586 2667 (q.
1613 2624 1647 2657 in
1676 2634 1763 2665 ras.)

232 2688 342 2715 nature
369 2683 400 2727 (e
425 2683 537 2726 corr.)
651 2684 693 2717 21
721 2684 806 2715 laeia
834 2682 958 2717 Gertz:
989 2693 1018 2715 et
1045 2684 1128 2714 laeta
1248 2683 1290 2716 Ql
1319 2683 1462 2715 neclecta
1490 2684 1520 2725 (c
1547 2683 1581 2715 ln
1608 2695 1630 2724 g
1656 2684 1765 2723 corr.)

233 2742 297 2773 alta
324 2740 494 2786 Madm'q:
533 2743 596 2774 alia
742 2742 785 2775 ⁴25
813 2742 884 2785 sed]
919 2746 948 2774 et
984 2740 1088 2776 Gerl:
1234 2743 1277 2774 '20'
1305 2742 1518 2783 temeritatiq3
1556 2748 1765 2773 consuescunt

139 2801 297 2841 (eritatiq;
327 2812 389 2832 con
414 2801 448 2834 2⁸72
477 2801 565 2841 ras,)
692 2799 737 2833 30
764 2802 842 2831 istae
869 2800 997 2834 celeri:
1028 2801 1118 2831 istinc
1147 2800 1213 2842 (inc
1239 2800 1350 2842 corr.)
1473 2800 1572 2831 libere
1599 2800 1629 2841 (e
1656 2801 1764 2836 corr.)

233 2859 270 2891 31
304 2863 335 2891 ui
364 2860 388 2900 (i
416 2860 513 2902 corr.)

1436 2917 1483 2948 5*
