1982 3267
616 154 842 181 PRAEFATIO
864 151 1060 181 IOHANNIS
1081 153 1270 182 VAHLENI.
1703 154 1758 180 VlI

124 252 268 294 codice
300 252 352 291 sit
383 254 456 291 hoc
487 254 525 291 in
557 263 634 291 uno
666 251 742 290 sed
773 251 936 291 litterae
967 254 1006 290 in
1036 263 1061 289 a
1092 263 1116 290 a
1148 256 1386 290 correctore
1418 251 1594 302 scriptae
1615 251 1696 290 sint
1717 251 1757 289 in

122 327 217 368 loco
249 340 356 376 raso,
388 328 575 380 suspicor
599 326 804 367 Senecam
842 328 1007 366 dedisse
1038 329 1112 366 hoe
1143 329 1293 366 omnino
1323 327 1372 365 ab
1395 327 1626 366 animalibus
1647 330 1757 366 mutis

124 407 322 453 differunt,
356 410 401 443 ut
432 417 456 442 a
488 402 581 443 feris
606 404 740 443 oratio
775 404 829 442 ad
862 402 1099 442 animalium
1133 416 1263 454 genus
1295 416 1422 442 omne
1453 403 1756 455 progrediatur,

122 480 486 532 quemadmodum
510 481 562 519 de
585 480 644 519 ira
676 482 707 527 l,
731 482 753 520 3
789 493 828 532 p.
852 484 919 525 33,
953 482 976 520 3
1009 478 1199 518 scribitur
1229 482 1300 518 sed
1330 481 1533 518 dicendam
1566 487 1620 518 est
1637 482 1759 527 feras

122 559 185 596 ira
216 569 359 596 carere
390 564 424 595 et
457 560 586 596 omnia
618 556 809 595 animalia
851 564 1013 605 praeter
1056 558 1254 595 hominem.
1328 553 1397 595 Sic
1429 555 1560 602 enirn,
1604 556 1751 594 addito

125 635 348 672 animalium
371 632 592 679 vocabulo,
629 633 693 672 edi
715 633 924 684 oportuit3
961 644 1058 670 nam
1083 634 1210 671 omnia
1234 644 1310 670 nec
1333 631 1425 671 ferri
1449 645 1522 684 per
1549 645 1593 671 se
1616 645 1750 683 neque

123 709 272 748 abesse
313 715 475 761 potest,
517 716 562 749 ut
603 710 700 748 inde
739 712 928 749 animalia
960 715 1236 760 recuperetur.
1300 707 1418 747 Conf.
1451 707 1504 747 de
1536 708 1593 747 ira
1626 710 1663 755 2,
1700 709 1751 747 16

122 800 160 838 p.
195 785 262 833 68,
301 788 480 825 11—15.
965 778 975 784 '

242 862 309 901 De
339 862 399 901 ira
430 864 467 910 2,
504 864 552 901 10
585 876 623 915 p.
659 863 724 909 62,
749 863 802 901 26
836 864 944 901 Illud
968 865 1097 910 potius
1128 863 1327 911 eoyilabis,
1360 875 1438 901 non
1471 874 1551 900 esse
1581 864 1754 901 irascen-

125 942 212 978 dum
245 940 455 978 erroribus.
489 942 584 988 qaid
615 941 723 986 enim,
755 941 788 976 si
819 941 903 988 quis
935 941 1133 977 irascatur
1164 942 1203 977 in
1234 939 1401 977 tenebris
1430 950 1572 988 param
1596 940 1758 987 veslissia

123 1022 230 1054 ceria
255 1016 520 1064 ponentibus?
552 1018 656 1064 quid,
687 1018 720 1054 si
751 1018 838 1065 qais
860 1018 990 1054 sardis
1011 1017 1172 1064 imperia
1197 1027 1273 1053 non
1297 1016 1625 1054 ‹aaziclienlihnss'
1658 1017 1752 1064 qaid

121 1095 155 1131 si
177 1095 327 1142 pueris,
360 1091 472 1141 quod
497 1095 670 1142 neyleelo
705 1095 877 1141 dispecta
912 1094 1132 1140 officioram
1167 1094 1223 1130 acl
1253 1095 1357 1129 lasus
1380 1102 1413 1130 el
1439 1093 1586 1140 ineptos
1609 1103 1761 1141 aequa-

123 1172 212 1208 lium
254 1171 358 1207 iocos
399 1171 599 1218 spectent?
642 1170 758 1220 qaid,
803 1171 835 1205 si
877 1168 1061 1206 inbecillis
1093 1171 1213 1206 irasci
1244 1170 1356 1217 velis,
1398 1170 1505 1216 qnod
1541 1175 1760 1216 aem-olant,

121 1252 334 1294 senesciml‚
363 1247 621 1293 faliqantar?
672 1243 826 1282 Kochii
859 1250 922 1283 est
955 1246 1157 1285 inbecillis,
1191 1245 1329 1282 codex
1363 1243 1490 1282 habet
1522 1247 1611 1295 illis7
1643 1243 1759 1295 quod

123 1327 168 1361 ut
200 1327 263 1360 est
296 1322 584 1373 depravatum,
617 1321 673 1359 ita
704 1321 816 1360 varie
850 1326 1121 1373 temptarunt,
1156 1320 1281 1367 nullo,
1315 1321 1346 1360 si
1379 1321 1478 1372 quid
1501 1322 1637 1368 video,
1669 1334 1756 1359 suc-

123 1411 252 1439 cessu.
325 1397 435 1437 Nam
489 1410 566 1436 nec
617 1410 852 1449 pronomen
901 1398 1100 1437 addendo
1145 1396 1437 1437 stabiliendum
1482 1404 1589 1444 erat,
1643 1398 1757 1450 quod

124 1474 314 1514 Gertzius
357 1474 507 1522 voluit,
551 1477 625 1513 illis
666 1477 785 1513 irasci
816 1477 907 1513 veiis
948 1474 1028 1525 [qai
1058 1475 1255 1523 [abminir]
1290 1477 1397 1524 qaod
1428 1482 1636 1523 aeqrolant
1668 1482 1756 1519 cet.‚

126 1563 249 1590 causa
291 1551 400 1589 enim
443 1551 644 1589 irascendi
686 1551 822 1602 ipsum
857 1557 919 1590 est
951 1556 1172 1602 aegrotare
1205 1558 1246 1590 et
1278 1564 1516 1599 senescere3
1563 1565 1638 1590 nec
1672 1554 1758 1590 aliis

124 1640 202 1679 pro
245 1630 318 1666 illi's
355 1628 409 1665 de
443 1626 682 1666 Schultessii
714 1629 923 1667 sententia
954 1628 1168 1679 reponitur
1200 1633 1331 1674 recte,
1377 1630 1573 1679 quoniam
1607 1640 1752 1679 aegro-

124 1710 213 1742 tare
245 1711 287 1742 et
319 1709 459 1742 cetera
492 1704 647 1742 cadunt
679 1704 804 1742 etiam
838 1704 877 1742 in
909 1703 999 1742 illos
1031 1717 1138 1754 quos
1170 1710 1267 1742 ante
1299 1703 1522 1755 appellavit
1553 1705 1751 1756 scriptor;

124 1781 307 1819 inbecillis
348 1786 488 1818 autem
534 1778 696 1830 longius
730 1793 754 1818 a
786 1793 886 1818 vero
919 1779 1131 1827 abhorret,
1165 1793 1299 1832 neque
1332 1781 1441 1819 enim
1473 1780 1648 1819 inbecilli
1682 1779 1757 1819 soli

124 1862 343 1907 aegrotant
387 1862 427 1894 et
470 1862 702 1895 senescunt.
770 1855 908 1895 Immo
950 1862 1048 1907 post
1090 1856 1310 1907 singularia
1352 1857 1560 1908 quaedam
1604 1870 1757 1908 genera

123 1932 247 1972 allata
279 1933 515 1972 universum
540 1931 701 1972 Seneca
732 1932 1034 1985 complectitur,
1069 1932 1253 1984 pleniore
1286 1934 1411 1972 etiam
1435 1934 1624 1972 oratione
1647 1947 1756 1980 usus,

123 2009 177 2047 ad
209 2007 319 2047 hunc
351 2010 552 2048 modum:
590 2012 685 2059 quid
713 2012 746 2048 si
776 2012 873 2048 nili
883 2023 902 2046 s
934 2012 1053 2048 irasci
1084 2012 1176 2048 celis
1198 2012 1305 2059 qaod
1325 2017 1534 2059 aem-olant
1555 2017 1757 2049 senescant

118 2088 358 2135 fatiyanlar.

241 2162 308 2200 De
346 2162 404 2200 ira
439 2163 475 2207 2,
509 2164 562 2200 35
595 2175 634 2214 p.
670 2162 735 2209 82,
774 2164 822 2201 13
866 2165 1063 2212 Numquid
1105 2165 1191 2201 veli!
1233 2166 1434 2212 qaisquam
1474 2172 1550 2201 tani
1582 2166 1755 2211 yrariler

122 2241 265 2277 nostem
301 2241 451 2286 ferire,
493 2246 533 2276 ui
565 2241 757 2288 relinquat
790 2251 943 2277 manain
979 2242 1016 2277 in
1050 2242 1206 2278 volnere
1239 2246 1273 2278 el
1305 2252 1346 2278 se
1378 2241 1427 2278 ab
1460 2242 1535 2278 iclii
1566 2252 1754 2279 revocare

121 2327 199 2354 non
224 2318 379 2364 possit?
418 2319 525 2364 alqui
559 2318 636 2353 lale
673 2318 735 2353 ira
769 2318 880 2353 telam
915 2322 992 2353 est:
1035 2317 1100 2353 ria:
1129 2317 1353 2354 retrahitur.
1400 2329 1512 2355 arma
1545 2317 1654 2354 nobis
1686 2329 1753 2355 ex-

119 2393 252 2440 pedita
280 2393 560 2440 prospicimus,
592 2393 767 2440 ylaclium
801 2394 1037 2429 eonnnoclzmi
1072 2398 1106 2430 et
1137 2393 1326 2431 habilem:
1358 2405 1434 2431 non
1468 2393 1668 2431 vitabimus
1699 2396 1752 2431 in-

114 2475 229 2517 petus
261 2470 381 2506 animi
411 2469 482 2506 lios
512 2480 674 2516 orares,
713 2470 925 2515 funerosos
963 2474 998 2506 el
1029 2469 1337 2507 inrevocabiles?
1389 2468 1507 2507 Haec
1538 2475 1753 2520 postrema

120 2556 264 2593 girones
291 2546 502 2592 funerosos
533 2551 568 2583 et
599 2544 879 2582 inrevocabile-s·
900 2542 1090 2582 Kochius
1123 2544 1260 2594 posuit
1283 2545 1416 2584 codici
1439 2545 1750 2596 obtemperans,

120 2620 160 2659 in
191 2633 275 2672 quo
309 2620 373 2659 ille
391 2623 602 2669 fanerosos
623 2621 710 2660 sive
727 2623 936 2668 funeresos
957 2620 1033 2658 sibi
1057 2621 1166 2659 visus
1189 2627 1252 2660 est
1275 2627 1339 2660 sat
1361 2629 1473 2660 certo
1496 2620 1747 2672 dispexisse:

120 2696 184 2735 alii
223 2697 301 2736 alia
343 2698 609 2736 coniecerunt
652 2698 817 2749 decepti
862 2695 966 2735 falso
1009 2697 1063 2735 de
1105 2696 1376 2736 Ambrosiani
1419 2696 1507 2736 libri
1549 2698 1750 2750 scriptura

120 2773 325 2813 indiculo:
360 2786 504 2823 yraives
521 2776 686 2822 foenere
718 2780 752 2813 el
784 2774 1066 2812 inrevocabiles
1097 2773 1357 2826 Madvigius3
1394 2786 1537 2823 qraves
1563 2775 1752 2822 funebres

121 2857 156 2888 et
197 2851 475 2890 inrevocabiles
517 2849 705 2889 Haasius.
780 2849 865 2889 Sed
907 2863 985 2889 nec
1022 2852 1232 2898 funerosos
1273 2849 1389 2889 facile
1427 2850 1668 2902 probaveris
1710 2856 1750 2889 et
