2008 3221
165 902 196 928 10

160 1257 192 1282 15

157 1610 190 1634 20

156 1964 190 1988 25

219 171 303 211 210
426 167 530 193 DIAL.
554 164 604 192 IX.
643 165 698 191 AD
721 163 908 190 SERENVM
930 163 983 189 DE
1002 163 1355 198 TRANQVILLITATE
1376 167 1503 194 ANIMI.
1547 171 1586 197 10.
1610 170 1651 196 11.

218 268 319 307 citra
371 265 568 319 exempla
618 264 858 312 hortentur,
911 265 1162 303 consistere:
1218 265 1276 303 sic
1318 269 1359 303 et
1401 264 1561 317 aliquae
1603 265 1850 317 cupiditates

219 339 400 377 animum
434 341 595 383 acuent,
628 340 669 374 et
700 334 840 374 finitae
867 347 951 373 non
979 336 1020 373 in
1042 335 1275 373 inmensum
1297 334 1583 387 incertumque
1604 336 1848 387 producent.

336 407 405 446 XI.
458 406 532 446 Ad
573 404 825 458 inperfectos
867 410 909 444 et
951 405 1185 444 mediocres
1228 410 1270 444 et
1311 403 1420 444 male
1461 418 1586 444 sanos
1629 407 1693 445 hic
1732 420 1848 446 meus

217 491 356 517 sermo
379 479 570 529 pertinet,
591 490 675 515 non
697 475 749 514 ad
773 477 1016 528 sapientem.
1055 474 1148 514 huic
1170 488 1254 514 non
1275 475 1420 515 timide
1442 488 1519 514 nec
1539 476 1848 529 pedetemptim

218 548 517 588 ambulandum
552 553 626 586 est.
689 551 807 586 tanta
838 547 947 585 enim
980 545 1131 585 fiducia
1162 546 1221 585 sui
1253 551 1337 594 est,
1380 551 1425 585 ut
1456 546 1626 585 obuiam
1658 545 1850 586 fortunae

217 621 273 658 ire
305 633 388 658 non
422 618 586 658 dubitet
617 630 694 656 nec
727 630 926 669 umquam
958 616 1053 655 loco
1087 615 1139 655 illi
1173 629 1360 655 cessurus
1393 618 1455 656 sit.
1499 629 1575 655 nec
1606 615 1747 665 habet,
1780 617 1849 657 ubi

216 690 325 730 illam
357 691 525 737 timeat,
564 690 659 741 quia
690 701 775 727 non
807 687 1010 739 mancipia
1042 693 1205 727 tantum
1238 688 1608 739 possessionesque
1640 693 1683 727 et
1715 688 1847 740 digni-

216 766 369 808 tatem,
401 760 479 801 sed
508 772 659 811 corpus
691 771 859 811 quoque
891 771 1010 797 suum
1045 763 1087 797 et
1120 756 1264 796 oculos
1296 763 1338 796 et
1370 769 1541 796 manum
1574 763 1616 796 et
1647 758 1848 810 quidquid

216 831 416 870 cariorem
467 830 595 869 uitam
643 827 741 868 facit
783 841 880 876 usu,
935 841 1064 880 seque
1105 828 1241 879 ipsum
1285 827 1390 867 inter
1430 829 1616 881 precaria
1657 834 1849 868 numerat

216 900 396 953 uiuitque
437 906 482 939 ut
524 898 821 939 commodatus
859 897 936 937 sibi
975 903 1017 937 et
1048 897 1365 950 reposcentibus
1396 899 1484 937 sine
1515 898 1679 938 tristitia
1709 899 1846 938 reddi-

215 977 342 1011 turus.
404 983 481 1009 nec
522 969 615 1009 ideo
658 968 852 1011 uilis,est
895 967 991 1015 sibi,
1037 969 1132 1020 quia
1163 968 1239 1007 scit
1271 981 1315 1007 se
1347 981 1467 1007 suum
1500 981 1584 1007 non
1616 981 1729 1016 esse,
1771 970 1846 1008 sed

216 1041 355 1081 omnia
397 1047 483 1080 tam
527 1039 745 1092 diligenter
788 1038 927 1086 faciet,
970 1045 1057 1078 tam
1100 1039 1421 1092 circumspecte,
1463 1052 1589 1091 quam
1631 1038 1847 1091 religiosus

213 1112 344 1152 homo
384 1117 635 1163 sanctusque
676 1109 782 1149 solet
826 1109 929 1149 tueri
970 1108 1067 1148 fidei
1111 1110 1348 1148 commissa.
1410 1109 1664 1162 quandoque
1705 1115 1845 1149 autem

214 1184 391 1223 reddere
434 1182 651 1229 iubebitur,
694 1194 777 1220 non
821 1186 1016 1232 queretur
1048 1193 1142 1219 cum
1176 1179 1360 1227 fortuna,
1403 1180 1479 1219 sed
1512 1180 1646 1220 dicet:
1693 1182 1847 1232 gratias

212 1267 295 1305 ago
337 1268 414 1307 pro
457 1267 530 1300 eo,
579 1253 694 1304 quod
737 1251 905 1303 possedi
947 1250 1165 1303 habuique.
1239 1264 1394 1302 magna
1435 1251 1605 1303 quidem
1647 1264 1712 1290 res
1753 1257 1846 1290 tuas

211 1325 408 1364 mercede
440 1323 567 1371 colui,
611 1323 687 1362 sed
729 1322 824 1375 quia
857 1322 912 1360 ita
943 1321 1143 1374 imperas,
1187 1322 1261 1370 do,
1306 1323 1413 1360 cedo
1446 1326 1589 1373 gratus
1620 1321 1846 1374 libensque.

211 1397 243 1435 si
275 1396 374 1448 quid
406 1395 563 1435 habere
596 1407 665 1433 me
697 1393 755 1432 tui
788 1392 977 1440 uolueris,
1011 1392 1248 1431 etiamnunc
1270 1392 1473 1432 seruabo:
1511 1392 1543 1430 si
1565 1391 1675 1431 aliud
1696 1391 1846 1444 placet,

212 1479 293 1518 ego
323 1480 424 1505 uero
447 1465 601 1505 factum
624 1465 918 1516 signatumque
941 1469 1175 1514 argentum,
1206 1463 1381 1502 domum
1404 1462 1684 1514 familiamque
1706 1475 1844 1502 meam

211 1537 366 1586 reddo,
398 1537 583 1576 restituo.
646 1533 917 1587 adpellauerit
960 1540 1107 1585 natura
1138 1547 1245 1587 quae
1276 1535 1389 1586 prior
1421 1533 1542 1573 nobis
1575 1533 1769 1582 credidit,
1802 1539 1843 1573 et

211 1608 305 1648 huic
345 1608 556 1647 dicemus:
603 1607 740 1658 recipe
783 1606 967 1645 animum
1012 1604 1228 1645 meliorem
1261 1619 1388 1658 quam
1421 1605 1585 1645 dedisti.
1648 1618 1731 1643 non
1763 1609 1844 1644 ter-

211 1680 399 1731 giuersor
430 1692 506 1718 nec
538 1677 709 1729 refugio.
752 1682 945 1728 paratum
979 1675 1110 1715 habes
1142 1689 1166 1715 a
1194 1675 1374 1724 uolente,
1407 1677 1522 1729 quod
1547 1689 1631 1714 non
1654 1676 1845 1715 sentienti

212 1751 390 1790 dedisti:
437 1749 561 1789 aufer.
623 1748 772 1788 reuerti
814 1748 926 1786 unde
963 1747 1123 1786 ueneris
1155 1747 1255 1800 quid
1286 1760 1415 1799 graue
1447 1748 1537 1786 est?
1581 1746 1690 1786 male
1723 1747 1844 1793 uiuet,

211 1821 393 1874 quisquis
446 1820 601 1859 nesciet
653 1819 762 1858 bene
813 1818 931 1857 mori.
993 1817 1088 1858 huic
1138 1819 1278 1870 itaque
1329 1819 1508 1870 primum
1561 1818 1617 1856 rei
1665 1817 1844 1869 pretium

211 1891 516 1931 detrahendum
560 1895 622 1929 est
665 1895 705 1928 et
749 1889 912 1940 spiritus
955 1887 1060 1927 inter
1092 1888 1184 1927 uilia
1215 1889 1509 1927 numerandus.
1563 1887 1844 1938 gladiatores,

210 1970 255 2003 ut
297 1965 352 2002 ait
386 1961 554 2009 Cicero,
598 1960 758 1999 inuisos
799 1959 1023 2008 habemus,
1068 1959 1109 1997 sz'
1147 1958 1263 1998 omni
1302 1958 1425 1998 modo
1468 1959 1602 1997 uitam
1634 1958 1847 2009 inpetrare

210 2033 380 2085 cupiunt
388 2047 401 2084 ‚·
421 2034 638 2083 sanemus,
663 2031 704 2070 si
722 2036 998 2081 contemptum
1020 2030 1110 2069 eius
1129 2037 1242 2082 prae
1270 2043 1315 2068 se
1333 2031 1497 2079 ferma.
1544 2030 1656 2069 idem
1681 2029 1846 2068 euenire

209 2104 330 2144 nobis
363 2105 476 2144 scias.
530 2116 657 2155 saepe
690 2102 799 2141 enim
832 2115 956 2141 causa
988 2101 1194 2140 moriendi
1227 2106 1290 2140 est
1321 2101 1466 2140 timide
1501 2100 1618 2140 mori.
1680 2099 1885 2140 fortunas

209 2174 297 2223 illa,
338 2188 445 2228 quae
487 2173 609 2213 ludos
651 2172 728 2212 sibi
761 2172 877 2220 facit,
919 2186 1024 2225 quo,
1068 2172 1218 2224 inquit,
1262 2177 1303 2211 te
1336 2185 1568 2219 reseruem,
1612 2169 1768 2210 malum
1801 2175 1844 2209 et

209 2316 357 2357 exempla
382 2314 453 2347 sint
479 2325 521 2348 ea
547 2324 639 2358 qum:
665 2312 746 2347 aliis
772 2311 984 2346 acciderunt
1114 2312 1134 2345 ‘2
1169 2312 1257 2343 finite
1385 2301 1545 2343 ini-mensi?
1675 2310 1694 2343 G
1729 2314 1758 2342 et
1785 2321 1844 2342 nec

211 2378 254 2419 (et
277 2373 422 2418 punctis
448 2376 607 2407 'rzolalum
633 2375 667 2406 el
693 2369 861 2413 deletum)
1006 2370 1027 2403 8
1060 2371 1181 2412 chuid
1327 2369 1346 2403 9
1375 2371 1451 2401 facit
1478 2381 1532 2401 usu
1558 2380 1654 2411 seque
1680 2367 1843 2413 Maduiq,

209 2443 312 2477 quem
330 2435 369 2465 uc
386 2432 421 2466 in
440 2443 480 2466 re
498 2431 586 2465 salis
603 2430 771 2474 arnbe'qua
789 2433 932 2463 secutus
950 2439 1026 2462 sum
1042 2442 1048 2460 :
1071 2430 1210 2460 facturus
1228 2440 1280 2470 <5OE
1296 2428 1430 2471 (omnia
1448 2428 1483 2461 in
1502 2428 1649 2469 rasura)
1659 2426 1737 2462 cod.

209 2495 319 2524 nufnat
354 2491 404 2533 (in
430 2490 520 2533 ras.)
698 2491 734 2523 lo
770 2489 1012 2530 reposcentibus
1046 2498 1173 2521 uerum
1208 2497 1284 2521 esse
1318 2487 1386 2521 uix
1414 2491 1554 2532 poce-955
1591 2497 1656 2520 vec
1686 2484 1843 2531 pluralis

209 2548 406 2584 tolerabilis
439 2554 492 2583 est
518 2559 583 2583 nec
608 2549 780 2584 obiectum
808 2546 1000 2592 coqilcmdo
1026 2545 1164 2580 addere
1191 2545 1281 2580 licet.
1331 2545 1468 2580 conieci
1492 2547 1671 2588 reposcenti
1697 2547 1842 2578 debitum

307 2609 346 2641 153
365 2610 531 2650 quand0q;
554 2608 631 2642 cod.
647 2609 917 2650 quandocumque
935 2605 1044 2650 uulqo
1158 2605 1197 2638 14
1217 2606 1301 2636 dicet
1320 2604 1538 2638 deteriores:
1561 2605 1638 2636 dicit
1741 2604 1779 2638 16
1799 2605 1843 2636 ita

211 2666 346 2712 Rosz'ny
366 2665 466 2712 apud
483 2665 726 2712 Maduz'qium:
757 2667 811 2697 illa
926 2665 979 2696 d0.
1007 2665 1089 2695 cedo
1118 2664 1240 2705 (manu
1259 2662 1415 2703 diuersa,
1434 2662 1500 2696 sed
1516 2673 1587 2696 non
1605 2663 1841 2703 correctoria)

310 2725 347 2759 17
368 2726 445 2757 aliut
465 2730 488 2765 (t
508 2726 542 2759 in
563 2726 583 2756 d
602 2726 712 2769 corr.)
832 2723 871 2757 18
889 2724 1009 2755 sactum
1028 2720 1109 2755 olim
1129 2732 1244 2756 ceryx:
1266 2723 1344 2754 facit
1363 2722 1400 2765 (it
1418 2722 1453 2755 in
1472 2722 1558 2765 ras.)
1669 2721 1711 2755 19
1730 2721 1841 2764 appel-

206 2785 319 2816 lauerit
440 2784 529 2826 prior
555 2784 606 2826 (or
632 2794 739 2824 corr„
762 2782 924 2827 fortasse
950 2791 999 2815 ex
1024 2781 1072 2823 us)
1196 2780 1238 2814 214
1274 2782 1355 2813 inter
1380 2781 1456 2812 uilia
1486 2780 1648 2826 Lipsius:
1679 2779 1841 2812 inseruitia

865 2845 873 2864 t

327 2889 372 2923 ‘25
398 2891 571 2931 impetrare
692 2891 736 2921 2³*
770 2877 878 2933 inquid

1873 977 1893 1010 10
