1977 3231
76 256 90 288 1

414 150 517 177 DIAL.
534 150 571 177 X.
612 152 664 176 ΑΙ)
688 151 892 177 l’AVLINVM
913 153 964 177 DE
985 151 1207 177 RREvlTATE
1227 150 1355 176 VITAE.
1398 151 1438 176 15.
1655 152 1737 190 239

239 245 334 286 XV.
375 245 539 285 Horum
572 252 614 285 te
646 248 752 286 mori
784 261 909 286 nemo
942 253 1091 299 coget:
1139 260 1284 286 omnes
1314 245 1537 285 docebunt.
1589 244 1737 283 horum

119 330 244 355 nemo
287 329 417 355 annos
459 323 552 356 tuos
595 324 807 357 conteret:
854 332 951 357 suos
994 318 1066 357 tibi
1107 317 1352 356 contribuet.
1415 315 1560 354 nullius
1592 328 1645 354 ex
1679 314 1740 353 his

118 400 257 426 sermo
289 386 544 443 periculosus
577 388 668 434 erit,
702 388 849 427 nullius
881 389 1059 427 amicitia
1091 387 1285 439 capitalis,
1319 386 1462 425 nullius
1494 391 1741 437 sumptuosa

119 458 370 497 obseruatio.
435 457 540 497 feres
584 472 638 497 ex
681 458 775 506 illis,
819 458 1018 511 quidquid
1062 457 1188 497 uoles.
1249 471 1323 510 per
1364 457 1455 496 illos
1488 470 1569 495 non
1602 456 1739 502 stabit,

118 528 340 579 quominus
373 533 573 580 quantum
609 528 830 581 plurimum
855 529 1039 580 cupieris,
1071 528 1245 567 haurias.
1293 541 1401 580 quae
1423 527 1534 566 illum
1559 526 1740 574 felicitas,
1761 540 1775 562 ι’»

118 611 244 650 quam
286 598 458 650 pulchra
498 606 689 638 senectus
729 605 893 646 manet,
935 600 1004 650 qui
1045 612 1089 637 se
1122 600 1160 637 in
1192 598 1342 637 horum
1376 597 1608 636 clientelam
1641 611 1737 636 con-

119 668 235 708 tulit?
289 668 470 716 habebit,
504 683 599 709 cum
633 669 781 721 quibus
805 671 857 708 de
880 669 1058 708 minimis
1081 669 1358 720 maximisque
1382 668 1505 707 rebus
1529 667 1741 715 deliberet,

119 752 224 790 quos
256 739 309 778 de
340 753 384 778 se
417 730 574 779 cotidie‘
599 739 797 787 consulat,
831 753 853 779 a
875 739 1024 792 quibus
1045 740 1185 779 audiat
1208 753 1349 778 uerum
1373 739 1459 777 sine
1482 738 1741 785 contumelia,

119 810 308 861 laudetur
361 812 446 850 sine
490 811 749 858 adulatione,
803 812 857 850 ad
900 824 1077 863 quorum
1120 824 1165 849 se
1207 809 1516 849 similitudinem
1561 808 1741 860 effingat.

119 880 302 920 solemus
347 881 482 920 dicere
526 894 609 920 non
653 880 774 920 fuisse
816 882 855 920 in
896 887 1038 920 nostra
1080 886 1312 933 potestate,
1356 894 1459 932 quos
1503 880 1760 938 sortiremur

119 957 331 1004 parentes,
375 951 482 991 forte
524 952 646 991 nobis
690 953 836 991 datos:
894 952 1014 990 nobis
1056 965 1156 990 uero
1199 952 1252 990 ad
1295 957 1485 990 nostrum
1528 950 1742 990 arbitrium

118 1023 229 1061 nasci
270 1022 376 1061 licet.
460 1022 812 1061 nobilissimorum
856 1023 1117 1074 ingeniorum
1160 1021 1339 1061 familiae
1381 1028 1498 1068 sunt-z
1555 1021 1662 1073 elige
1704 1023 1742 1060 in

118 1106 244 1144 quam
288 1094 460 1132 adscisci
504 1093 617 1131 uelis.
679 1106 763 1132 non
805 1095 845 1132 in
878 1107 1033 1132 nomen
1066 1098 1228 1131 tantum
1261 1092 1554 1144 adoptaberis,
1596 1092 1671 1131 sed
1704 1093 1743 1130 in

119 1163 207 1215 ipsa
260 1163 392 1209 bona,
447 1177 554 1214 quae
596 1177 680 1202 non
724 1169 843 1203 erunt
886 1163 1054 1203 sordide
1096 1177 1172 1202 nec
1217 1162 1397 1214 maligne
1440 1163 1739 1202 custodienda:

120 1235 279 1273 maiora
310 1234 422 1281 fient,
456 1248 540 1285 quo
572 1234 639 1273 illa
670 1234 852 1286 pluribus
887 1235 1080 1273 diuiseris.
1143 1233 1183 1272 hi
1215 1233 1289 1273 tibi
1312 1222 1546 1273 dabunt‘ad
1569 1233 1740 1272 aeterni-

119 1310 250 1343 tatem
282 1305 358 1344 iter
390 1310 431 1344 et
462 1311 504 1344 te
525 1306 566 1344 in
588 1304 700 1344 illum
723 1304 874 1353 locum,
907 1319 961 1344 ex
984 1318 1067 1358 quo
1090 1318 1215 1344 nemo
1239 1305 1421 1352 deicitur,
1454 1303 1744 1343 subleuabunt.

118 1375 222 1414 haec
264 1388 344 1414 una
386 1376 489 1414 ratio
531 1381 593 1415 est
626 1376 921 1415 extendendae
955 1376 1239 1424 mortalitatis,
1282 1377 1412 1414 immo
1444 1375 1487 1414 2'12
1519 1374 1742 1413 inmortali-

86 1452 248 1488 .tatem
302 1443 539 1486 uertendae.
622 1446 828 1494 honores,
881 1448 1159 1493 monimenta,
1213 1447 1414 1498 quidquid
1456 1452 1526 1485 aut
1569 1446 1745 1485 decretis

120 1517 293 1556 ambitio
336 1517 450 1556 iussit
491 1523 562 1557 aut
604 1518 800 1570 operibus
844 1519 1073 1565 exstruxit,
1117 1517 1199 1557 cito
1242 1517 1461 1556 subruitur.
1522 1516 1620 1556 nihil
1662 1529 1745 1555 non

1766 891 1795 914 10

1769 1244 1796 1269 15

120 1587 247 1638 longa
289 1588 514 1628 demolitur
555 1595 738 1628 uetustas
782 1595 823 1628 et
855 1595 1022 1628 mouet:
1069 1595 1112 1628 at
1145 1589 1210 1636 iis,
1253 1601 1360 1640 quae
1392 1588 1649 1627 consecrauit
1681 1600 1742 1625 sa-
1763 1597 1798 1622 ‘20

120 1659 293 1710 pientia,
333 1660 471 1698 noceri
503 1673 587 1698 non
619 1665 771 1712 potest.
835 1659 943 1698 nulla
975 1659 1162 1699 abolebit
1194 1665 1329 1706 aetas,
1362 1658 1471 1698 nulla
1504 1659 1740 1698 deminuet:

120 1742 298 1781 sequens
331 1743 379 1768 ac
409 1731 560 1769 deinde
582 1743 749 1782 semper
772 1730 940 1769 ulterio‘r
963 1730 1113 1782 aliquid
1137 1731 1189 1769 ad
1214 1732 1526 1769 uenerationem
1549 1728 1745 1775 conferet,

121 1800 317 1852 quoniam
351 1801 521 1851 quidem
555 1801 593 1839 in
627 1801 759 1840 uicino
792 1807 979 1840 uersatur
1009 1801 1168 1848 inuidia,
1201 1800 1422 1853 simplicius
1455 1799 1581 1851 longe
1610 1800 1746 1852 posita

76 1900 80 1907 .
123 1873 329 1910 miramur.
392 1872 587 1924 sapientis
620 1884 722 1923 ergo
756 1871 931 1910 multum
964 1877 1080 1923 patet
1114 1873 1206 1911 uita.
1270 1885 1353 1910 non
1386 1872 1497 1910 idem
1530 1870 1643 1909 illum
1677 1870 1745 1926 qui

123 1947 285 1980 ceteros
327 1944 526 1981 terminus
569 1942 739 1982 cludit.'
790 1942 901 1982 solus
943 1943 1104 1994 generis
1147 1942 1314 1981 humani
1358 1941 1518 1992 legibus
1561 1940 1792 1979 soluitur.·⁷

123 2013 264 2051 omnia
306 2012 357 2051 illi
400 2012 563 2052 saecula
597 2019 638 2052 ut
671 2014 753 2052 deo
785 2013 975 2052 seruiunt.
1039 2013 1196 2052 transiit
1228 2018 1394 2065 tempus
1427 2011 1618 2063 aliquod:
1666 2010 1745 2049 1106

123 2084 414 2122 recordatione
453 2084 710 2136 conprendit.
772 2084 920 2123 instat:
968 2082 1049 2122 hoc
1082 2084 1216 2123 utitur.
1280 2089 1498 2122 uenturum
1531 2087 1618 2121 est:
1665 2081 1746 2121 hoc

123 2154 321 2206 praecipit
413 2153 582 2205 longam
626 2153 679 2193 illi
722 2155 846 2193 uitam
891 2153 984 2193 facit
1027 2155 1211 2192 omnium
1256 2160 1492 2205 temporum
1537 2154 1574 2191 in
1618 2166 1744 2191 unum

124 2224 315 2263 conlatio.

125 2436 144 2468 ‘2
180 2439 348 2468 conteret.
380 2460 386 2466 .
407 2435 586 2466 contribuet
618 2433 688 2468 E‘lz
719 2436 853 2466 conterit
884 2462 889 2467 .
917 2462 922 2468 .
949 2436 1121 2466 contribuit
1291 2436 1310 2466 ,¹3
1345 2440 1531 2476 sumptuosa
1559 2433 1649 2475 cod„
1676 2444 1744 2467 mm

124 2495 294 2536 suspiriosa
306 2506 313 2531 ;
342 2505 456 2538 neque
482 2497 534 2527 est
551 2505 616 2527 cm·
634 2505 711 2527 cam
735 2492 878 2527 Ger-1:2⁶0
897 2505 1075 2538 neyemns,
1103 2493 1321 2538 aliquantum
1338 2494 1514 2538 pecuniae
1531 2493 1581 2527 ad
1598 2503 1746 2526 ιηιιηενα

123 2554 287 2597 statronis
313 2553 432 2587 ohlala
459 2552 645 2587 climatibus
666 2552 782 2596 sitisse
808 2551 1072 2597 impendendum
1195 2553 1213 2583 ἵ»
1241 2557 1392 2594 quantum
1420 2554 1589 2594 plurimum
1610 2553 1746 2593 cupieris

126 2610 310 2646 Muretus:
340 2613 510 2654 plurimum
530 2616 682 2653 quantum
703 2614 826 2654 69116115
947 2616 967 2645 ιδ’
995 2624 1012 2643 a
1031 2613 1120 2653 quib:
1143 2613 1174 2651 (a
1194 2611 1227 2644 in
1247 2612 1334 2653 ras.)
1464 2612 1499 2645 12
1526 2611 1744 2642 nobilissimo-

148 2672 289 2711 igeniozl,
1246 2701 1272 2717 m

125 2729 193 2749 rum
223 2718 342 2757 familie
506 2719 546 2751 'lb'
581 2720 646 2751 1161,
665 2728 681 2755 7
711 2720 766 2753 (cr.
791 2728 805 2756 7
834 2719 867 2752 2'21
896 2720 984 2760 ras.)
1156 2717 1194 2751 1Ῐ
1230 2719 1296 2749 11110
1325 2718 1569 2751 immortalitate
1595 2718 1746 2748 uertende

243 2778 280 2809 21
313 2778 422 2808 noceri
441 2776 523 2810 olim
543 2787 660 2812 συνῆκε
690 2789 807 2810 nocere
927 2778 969 2811 22
997 2778 1139 2809 conferet
1160 2776 1284 2810 Curio:
1307 2778 1429 2808 confert
1551 2776 1594 2808 25
1621 2777 1746 2817 legibus

985 2835 1003 2860 11

126 2869 255 2915 nidmu
285 2872 402 2902 lesibus
523 2872 566 2905 *21⁷3
594 2874 737 2903 111111511111
765 2872 868 2906 dest:
898 2874 1006 2903 trans-it
