1982 3267
595 151 649 176 DE
668 152 817 178 CODICE
836 154 1149 184 MEDIOLANENSI.
1583 161 1683 186 xxix

68 244 104 289 ὃ,
139 245 174 290 6,
210 245 256 296 2,
301 247 436 294 imperi
477 250 534 293 10,
573 248 635 294 18,
671 252 722 300 5,
763 251 826 297 11,
860 255 896 298 9,
935 253 978 301 7,
1023 252 1123 291 item
1152 255 1336 294 datiuum
1371 255 1435 294 uel
1468 255 1692 296 ablatiuum

65 311 265 364 pluralem
297 317 452 353 ostiaris
487 317 522 362 2,
562 320 622 363 15,
657 321 708 370 5,
753 321 878 359 sobre's
912 324 948 365 5,
983 322 1048 368 37,
1090 325 1133 374 1,
1171 327 1250 370 filis
1283 328 1318 371 6,
1359 327 1418 372 14,
1449 327 1499 377 2,
1544 329 1694 376 inqem's

45 386 103 434 ,Q
150 384 213 430 16,
264 387 306 435 1,
354 387 465 423 uaris
520 387 554 433 7,
598 388 664 434 25,
709 389 759 441 3,
815 393 971 438 uitis7,
1010 392 1070 438 12,
1105 394 1155 444 3,
1214 395 1250 441 7,
1292 397 1356 439 17,
1392 396 1441 447 3,
1497 400 1694 446 emmim-is

66 453 102 499 9,
139 455 173 500 7,
204 454 258 505 2,
300 458 380 501 filis
419 457 479 503 11,
520 459 579 504 16,
615 459 663 505 2,
715 460 776 506 11,
815 463 877 505 14,
912 463 960 510 3,
1008 474 1030 499 e
1071 463 1218 513 quibus
1261 463 1403 503 formis
1446 466 1610 505 datiuos
1652 474 1693 506 et

64 523 269 562 ablatiuos
320 538 402 563 non
452 528 588 577 recepi
636 541 814 578 quorum
858 528 919 568 his
960 531 1128 582 quidem
1172 535 1432 585 temporibus
1476 536 1600 575 dubia
1641 537 1691 575 sit

64 595 314 642 auctoritas;
362 598 672 646 genetiuorum,
715 599 782 650 qui
815 613 838 638 a
870 601 1106 640 nominibus
1148 604 1322 655 propriis
1365 606 1401 643 in
1446 609 1503 644 im
1534 620 1689 645 exeun-

63 663 173 702 tibus
217 665 478 714 deriuantur,
522 681 614 707 cum
657 669 695 706 in
737 676 883 709 nostro
927 671 1070 710 codice
1113 673 1284 712 omnino
1328 676 1399 713 nisi
1443 677 1689 715 rarissimam

63 732 242 772 formam
275 738 301 773 ἱί
332 737 610 784 meminerim,
654 739 886 778 admodum
920 748 1246 781 consentaneum
1280 751 1342 783 est
1375 752 1471 796 post
1504 759 1553 785 ea
1584 760 1691 798 quae

64 803 310 843 Ritschelius
344 806 476 846 Acad.
511 807 675 847 Monac.
708 809 788 849 vol.
828 812 899 855 10,
942 824 979 862 p.
1015 814 1096 851 339
1138 818 1178 851 et
1211 813 1513 854 Mommsenius
1547 816 1689 856 Herm.

71 876 101 920 1,
126 878 178 913 40
202 888 291 926 sqq.
313 875 637 927 disputauerunt,
672 881 860 930 quamuis
883 883 1143 931 grammatici
1175 883 1468 935 obloquantur,
1501 884 1688 925 Senecae

63 944 233 994 quidem
266 947 526 997 temporibus
560 954 793 988 ceterorum
826 964 993 1002 quoque
1032 953 1322 1003 genetiuorum
1357 954 1516 994 formae
1536 959 1560 992 'i
1592 969 1687 995 con-

61 1015 322 1053 suetudinem
357 1017 573 1055 etiamtum
607 1018 689 1057 late
720 1022 922 1071 patuisse,
966 1022 1022 1060 ita
1059 1028 1102 1060 ut
1135 1022 1290 1062 formas
1324 1024 1409 1063 illas
1442 1025 1511 1064 ubi
1543 1028 1689 1066 codice

61 1083 325 1133 offerrentur,
369 1100 563 1137 respuere
601 1101 686 1126 non
718 1090 926 1128 auderem.
990 1091 1228 1144 Sequuntur
1269 1094 1415 1133 harum
1460 1095 1687 1134 formarum

60 1154 277 1206 reliquiae:
313 1160 429 1205 uolfso
466 1159 500 1204 7,
527 1160 561 1205 2,
588 1159 610 1196 2
631 1144 857 1207 suolfflffm
888 1163 925 1210 9,
954 1163 1014 1207 17,
1046 1165 1085 1200 ll
1111 1180 1118 1209 ,
1156 1168 1295 1212 zeolyus
1323 1168 1383 1212 10,
1423 1167 1454 1211 1,
1493 1168 1506 1203 1
1530 1184 1537 1213 ,
1575 1170 1687 1215 nolgso

64 1227 126 1272 10,
163 1225 225 1272 18,
254 1228 301 1277 1,
336 1230 443 1276 uolye'
481 1231 541 1274 ll,
577 1231 613 1275 5,
647 1231 693 1276 6,
731 1233 835 1279 ῑιοῐρί
870 1232 934 1278 11,
974 1235 1033 1278 13,
1069 1235 1117 1279 4,
1154 1237 1294 1272 uoltum
1327 1238 1365 1281 4,
1392 1236 1426 1282 7,
1467 1238 1511 1283 1,
1549 1240 1685 1275 uoltum

61 1299 108 1342 6,
157 1297 201 1342 1,
246 1299 296 1343 5,
355 1299 401 1342 5,
444 1298 521 1344 24,
566 1298 616 1345 2,
664 1302 770 1338 uoltu
813 1304 861 1348 9,
905 1305 950 1348 4,
994 1304 1044 1349 6,
1101 1306 1225 1342 uoltus
1272 1306 1343 1351 10,
1386 1306 1434 1352 3,
1476 1307 1526 1353 3,
1584 1310 1688 1346 uoltu

62 1367 134 1412 11,
171 1367 244 1413 13,
280 1368 329 1414 4,
366 1370 506 1406 uoltum
545 1370 617 1416 11,
656 1371 728 1417 17,
767 1372 813 1417 ’1,
849 1374 986 1410 uolnus
1012 1375 1053 1419 6,
1087 1374 1129 1419 9,
1155 1375 1205 1421 3,
1251 1378 1448 1413 uolnerum
1474 1377 1515 1423 6,
1554 1378 1596 1423 1,
1633 1378 1681 1424 8,

55 1439 214 1475 uolnere
246 1437 292 1483 6,
326 1438 399 1484 22,
433 1438 483 1485 3,
529 1443 707 1478 uoluerat
740 1442 776 1488 6,
812 1442 848 1488 7,
882 1447 931 1489 3,
973 1446 1125 1482 uolneri
1160 1446 1231 1490 11,
1270 1446 1343 1492 16,
1377 1449 1427 1493 5,
1463 1449 1686 1487 bzuolnera-

57 1507 165 1544 bilem
205 1508 265 1554 11,
305 1508 367 1554 13,
405 1510 451 1555 1;
487 1512 568 1547 uolt
606 1513 666 1557 11,
705 1512 766 1557 10,
802 1512 851 1558 2,
891 1514 927 1559 7,
951 1514 1017 1560 21,
1052 1516 1101 1560 4,
1137 1517 1250 1553 uoltis
1279 1518 1338 1562 11,
1370 1518 1429 1563 10,
1454 1518 1505 1564 6,
1542 1521 1686 1556 nzauoll

59 1577 94 1623 7,
130 1577 194 1623 21,
228 1579 280 1624 4,
318 1581 456 1617 auolse't
489 1579 526 1626 6,
563 1580 625 1626 16,
661 1581 710 1628 7,
751 1583 814 1628 11,
849 1585 884 1629 5,
920 1586 969 1629 4,
1006 1596 1129 1623 nouos
1161 1584 1198 1633 9,
1238 1587 1304 1632 11,
1341 1587 1417 1633 10,
1456 1590 1685 1636 laeuoneque

56 1647 94 1692 9,
129 1648 165 1693 3,
199 1649 249 1693 5,
287 1659 423 1686 aeuom
458 1651 494 1695 6,
530 1649 594 1696 20,
626 1653 636 1688 l
658 1667 666 1697 3
698 1636 868 1700 paruolo
894 1656 929 1699 5,
956 1654 1021 1700 22,
1045 1657 1093 1701 4,
1126 1659 1298 1704 ρανῑιοῖα
1321 1658 1359 1703 4,
1383 1657 1450 1704 29,
1475 1660 1524 1704 3,
1562 1670 1684 1696 azzon—

53 1719 178 1754 culum.
218 1718 286 1764 11,
323 1718 397 1765 19,
433 1720 481 1765 4,
510 1732 707 1768 proauom
744 1724 779 1769 7,
812 1723 888 1770 21,
923 1726 972 1769 3,
1008 1728 1198 1763 seruolom
1234 1729 1281 1773 5,
1316 1728 1386 1774 32,
1428 1730 1469 1773 1,
1502 1733 1543 1765 et
1576 1741 1683 1779 quae

55 1798 148 1824 cum
172 1785 233 1825 his
256 1786 509 1827 cohaerent:
546 1792 684 1829 inicum
706 1793 729 1829 4
744 1823 752 1838 ,
781 1793 843 1839 10,
867 1796 889 1830 4
909 1811 916 1840 ,
953 1797 1075 1833 inicus
1098 1799 1135 1842 5,
1160 1794 1224 1843 27,
1248 1797 1270 1834 2
1292 1813 1300 1843 ,
1338 1809 1454 1836 aecus
1478 1802 1514 1844 3,
1542 1799 1603 1844 14,
1629 1798 1678 1845 2,

53 1869 186 1895 aecum
221 1858 258 1904 3,
299 1860 359 1905 18,
399 1860 447 1905 1,
484 1867 666 1898 secuntur
705 1865 764 1908 10,
795 1864 856 1910 12,
880 1866 919 1910 5,
957 1867 1196 1903 adsecuntur
1226 1868 1284 1913 10,
1322 1869 1384 1914 17,
1410 1871 1458 1914 4,
1494 1871 1684 1907 relmczcm

53 1928 91 1975 3,
116 1929 151 1974 7,
176 1930 226 1974 4,
263 1931 446 1976 loquutur
480 1931 515 1976 7,
546 1930 611 1977 20,
648 1932 680 1969 1.
745 1931 790 1970 In
822 1932 885 1971 his
917 1934 1014 1985 ipsis
1047 1934 1188 1974 formis
1222 1949 1315 1974 cum
1350 1943 1515 1976 constet
1549 1936 1678 1988 Quin-

51 1995 177 2035 tiliani
218 2003 358 2037 aetate
400 2012 597 2050 magnam
631 2002 907 2041 mutationem
951 2005 1159 2052 extitisse,
1203 2007 1286 2045 iam
1330 2012 1453 2045 antea
1495 2014 1679 2046 ueterem

52 2067 285 2106 doctrinam
329 2068 526 2119 paulatim
568 2070 732 2109 labasse
774 2086 867 2111 cum
910 2075 1142 2114 admodum
1186 2076 1402 2116 uerisimile
1457 2078 1528 2125 sit,
1581 2078 1680 2129 quid

51 2135 285 2176 faciendum
325 2144 435 2177 esset
468 2153 561 2178 cum
594 2141 660 2179 diu
694 2143 964 2194 ambigerem,
998 2144 1197 2185 Haasium
1221 2154 1386 2186 secutus
1418 2151 1565 2197 acolyux,
1598 2152 1678 2186 uol-

50 2214 119 2253 tus,
152 2211 288 2247 uolnus
320 2215 361 2247 et
393 2222 499 2260 quae
531 2210 640 2249 inde>
659 2212 897 2252 deriuantur
920 2220 1160 2255 constanter
1182 2219 1306 2264 tenui,
1339 2219 1550 2269 ceteroqui
1580 2219 1679 2257 satis

49 2276 207 2316 habens
239 2277 394 2317 formas
427 2280 569 2331 quales
602 2283 747 2320 codice
780 2283 1025 2323 offerrentur
1057 2287 1304 2337 exprimere.

166 2347 252 2386 Iam
295 2354 462 2388 transeo
505 2352 558 2389 ad
601 2350 738 2390 locum
772 2356 1061 2404 grauissimum
1097 2357 1359 2410 eundemque
1393 2357 1677 2397 difficillimum

48 2418 115 2469 qui
157 2426 220 2456 est
263 2420 314 2457 de
346 2420 650 2460 adsimilatione
682 2425 1036 2476 praepositionum
1070 2439 1164 2464 cum
1198 2428 1333 2467 uerbis
1367 2434 1408 2467 et
1441 2428 1677 2467 nominibus

47 2489 370 2528 coniunctarum.
433 2490 579 2542 Atque
621 2498 665 2531 ut
706 2494 884 2545 primum
927 2508 971 2533 se
1014 2497 1224 2536 contineat
1256 2499 1446 2549 quaestio
1485 2500 1523 2537 in
1556 2511 1674 2549 prae-

46 2559 253 2609 positione
306 2563 381 2608 ad,
443 2562 660 2614 archetypi
713 2563 787 2602 has
839 2563 968 2603 habes
1021 2566 1060 2604 in
1112 2567 1194 2606 hoc
1248 2581 1401 2619 genere
1456 2568 1671 2620 reliquias:

47 2631 263 2675 rtclfhrenlls
296 2631 332 2677 6,
371 2632 410 2678 2,
448 2634 502 2684 4,
549 2635 705 2681 adferri
744 2637 781 2679 5,
823 2637 881 2682 15,
920 2638 966 2687 1,
1014 2639 1177 2684 adferat
1219 2639 1282 2685 11,
1317 2641 1354 2685 6,
1394 2642 1434 2690 1,
1486 2642 1675 2686 adficiunt

48 2699 85 2744 7,
110 2699 250 2751 22,3,
287 2703 433 2748 adfecti
481 2704 552 2750 11,
591 2705 663 2750 13,
699 2706 751 2755 6,
789 2708 951 2753 adfecta
985 2708 1030 2753 6,
1069 2706 1114 2754 2,
1149 2708 1198 2759 2,
1236 2711 1416 2756 adfectas
1460 2712 1505 2755 4,
1540 2710 1585 2756 2,
1619 2712 1666 2758 5,

46 2771 83 2815 4,
117 2769 153 2815 3,
195 2773 236 2822 1,
284 2774 322 2817 4,
360 2774 420 2819 12,
453 2774 500 2820 3,
540 2776 574 2820 4,
614 2775 676 2821 17,
715 2776 758 2826 1,
797 2777 832 2822 4,
868 2778 934 2822 35,
969 2776 1015 2828 3,
1053 2779 1162 2825 5,1,
1195 2779 1237 2829 3,
1274 2781 1311 2825 5,
1346 2780 1382 2825 2,
1415 2779 1460 2830 2,
1498 2781 1672 2826 adfectae

46 2841 82 2885 5,
107 2840 143 2886 4,
174 2841 185 2877 1
212 2853 220 2891 ,
268 2843 485 2888 adfectibus
526 2846 584 2890 10,
611 2845 673 2890 16,
699 2844 748 2896 2,
795 2831 989 2893 adfectum
1024 2849 1060 2893 4,
1086 2848 1121 2893 7,
1153 2850 1162 2885 1
1189 2861 1198 2900 ,
1247 2850 1285 2895 9,
1311 2850 1346 2895 2,
1377 2853 1387 2887 1
1414 2863 1422 2900 ,
1466 2852 1503 2895 9,
1535 2851 1593 2893 15,
1617 2851 1668 2900 3,
