2008 3221
191 874 219 897 10

192 1230 220 1253 15

187 1584 220 1609 20

236 132 321 170 240
532 128 635 154 DIAL.
652 127 688 153 X.
728 127 782 151 AD
803 125 1008 151 PAVLINVM
1031 125 1084 150 DE
1104 124 1328 150 BREVITATE
1349 123 1478 150 VITAE.
1520 125 1561 150 16.

356 224 469 264 XVI.
515 222 685 262 Illorum
718 222 964 262 breuissima
996 235 1045 260 ac
1077 220 1366 260 sollicitissima
1397 226 1512 259 aetas
1546 226 1619 268 est,
1652 219 1721 272 qui
1743 232 1858 273 prae·
1890 228 1908 262 1

237 296 454 335 teritorum
499 294 820 341 obliuiscuntur,
861 293 1098 345 praesentia
1138 291 1388 344 neglegunt,
1432 292 1484 330 de
1516 290 1652 330 futuro
1684 292 1858 330 timent:

238 380 331 406 curn
365 367 418 404 ad
452 372 643 405 extrema
677 370 889 412 uenerunt,
922 377 1015 403 sero
1044 362 1289 415 intellegunt
1311 362 1458 409 miseri,
1490 362 1650 400 tamdiu
1672 374 1728 408 se,
1761 361 1861 400 dum

237 436 334 475 nihil
366 441 507 487 agunt,
541 441 770 487 occupatos
803 434 935 474 fuisse.
998 446 1075 473 nec
1107 439 1190 481 est,
1223 433 1339 485 quod
1371 431 1453 471 hoc
1484 437 1734 482 argumento
1765 444 1860 483 pro-
1891 439 1911 472 2

237 507 326 546 bari
366 512 488 559 putes
529 505 701 557 longam
740 504 831 544 illos
874 518 999 556 agere
1031 504 1181 553 uitam,
1223 505 1318 556 quia
1350 503 1558 542 interdum
1592 507 1772 541 mortem
1806 502 1862 540 in-

237 584 414 617 uocant:
451 582 579 616 uexat
610 576 700 616 illos
734 576 998 628 inprudentia
1028 575 1191 614 incertis
1224 573 1456 614 adfectibus
1489 579 1530 612 et
1561 572 1864 612 incurrentibus

237 650 277 688 in
309 649 419 701 ipsa,
461 661 568 700 quae
602 653 803 687 metuunt.
867 653 1049 686 mortem
1081 659 1208 698 saepe
1239 645 1332 684 ideo
1367 650 1536 697 optant,
1579 645 1675 696 quia
1705 644 1864 683 timent.

238 720 336 759 illud
379 732 547 772 quoque
589 724 883 770 argumentum
927 731 1010 757 non
1053 722 1137 765 est,
1182 717 1296 768 quod
1329 708 1471 768 putes,
1515 716 1583 755 diu
1625 715 1862 763 uiuentium,
1892 721 1911 754 3

238 792 355 844 quod
389 804 513 843 saepe
545 789 620 829 illis
651 789 802 841 longus
835 790 998 829 uidetur
1029 788 1127 836 dies,
1159 788 1286 840 quod,
1321 788 1420 826 dum
1454 787 1593 826 ueniat
1625 786 1864 826 condictum

240 868 407 915 tempus
450 874 598 909 cenae,
641 862 761 900 tarde
803 862 861 900 ire
903 860 1028 899 horas
1060 865 1311 911 queruntur:
1359 871 1455 897 nam
1500 858 1532 897 si
1573 859 1742 910 quando
1775 857 1865 897 illos

242 934 512 972 deseruerunt
556 932 874 984 occupationes,
918 931 957 969 in
1001 931 1090 971 otio
1123 930 1251 969 relicti
1284 936 1495 977 aestuant,
1538 942 1615 968 nec
1646 929 1865 981 quomodo

240 1005 280 1044 id
311 1005 534 1056 disponant
556 1009 627 1043 aut
651 1002 887 1050 extrahant,
920 1002 1062 1041 sciunt.
1106 1001 1244 1053 itaque
1267 1002 1320 1040 ad
1344 1001 1662 1053 occupationem
1685 999 1864 1052 aliquam

239 1071 417 1114 tendunt
451 1081 492 1114 et
524 1075 640 1127 quod
673 1074 887 1113 interiacet
921 1086 1047 1112 omne
1079 1078 1245 1124 tempus
1279 1085 1406 1123 graue
1438 1078 1521 1119 est,
1553 1077 1641 1110 tarn
1674 1084 1742 1110 me
1774 1069 1864 1110 her-

242 1145 375 1193 cules,
418 1159 543 1198 quam
588 1158 682 1184 cum
726 1145 814 1184 dies
858 1143 1037 1183 muneris
1079 1142 1314 1195 gladiatorii
1354 1143 1512 1182 edictus
1545 1148 1628 1190 est,
1670 1148 1741 1181 aut
1773 1154 1867 1181 cum

241 1217 408 1256 alicuius
441 1216 607 1256 alterius
640 1215 701 1255 uel
733 1214 957 1268 spectaculi
979 1214 1044 1253 uel
1068 1213 1292 1265 uoluptatis
1314 1219 1562 1266 expectatur
1585 1213 1867 1260 constitutum,

239 1288 440 1328 transilire
473 1289 636 1327 medios
670 1287 756 1326 dies
788 1285 943 1325 uolunt.
990 1286 1125 1324 omnis
1157 1284 1231 1324 illis
1263 1290 1454 1337 speratae
1486 1285 1543 1323 rei
1575 1283 1703 1336 longa
1725 1283 1867 1324 dilatio
1893 1288 1910 1320 4'

240 1366 313 1399 est.
368 1365 411 1398 at
443 1358 541 1398 illud
573 1365 751 1410 tempus,
785 1357 898 1409 quod
931 1362 1086 1404 amant,
1118 1356 1247 1395 breue
1280 1362 1343 1395 est
1375 1362 1415 1394 et
1448 1368 1650 1408 praeceps
1681 1355 1865 1394 breuius-

240 1444 321 1483 que
360 1430 492 1470 multo
525 1443 601 1469 suo
634 1434 748 1468 uoto.
811 1428 976 1467 aliunde
1009 1427 1116 1466 enim
1150 1426 1229 1466 alio
1261 1421 1537 1478 transfugiunt
1570 1431 1611 1465 et
1643 1427 1868 1466 consistere

241 1503 281 1541 in
313 1515 394 1541 una
426 1501 652 1553 cupiditate
685 1513 768 1539 non
801 1504 987 1551 possunt.
1041 1512 1124 1537 non
1157 1504 1252 1537 sunt
1283 1497 1357 1536 illis
1379 1497 1491 1549 longi
1515 1497 1613 1545 dies,
1646 1498 1720 1536 sed
1742 1497 1868 1538 inuisi.

241 1580 283 1613 at
316 1578 462 1612 contra
494 1585 619 1624 quam
655 1560 835 1623 exiguae
868 1575 1013 1609 noctes
1046 1570 1258 1617 uidentur,
1301 1582 1404 1621 quas
1444 1569 1482 1607 in
1514 1567 1723 1620 conplexu
1755 1581 1867 1608 scor-

239 1651 379 1683 torum
423 1650 493 1683 aut
536 1644 631 1682 uino
676 1643 877 1693 exigunt?
931 1641 1026 1680 inde
1059 1642 1184 1680 etiam
1218 1646 1438 1692 poetarum
1472 1639 1584 1679 furor
1615 1639 1762 1679 fabulis
1793 1639 1865 1678 hu·
1897 1643 1916 1674 ὃ

241 1728 390 1754 manos
433 1728 592 1754 errores
625 1713 844 1761 alentium,
887 1713 1036 1764 quibus
1059 1713 1180 1751 'uisus
1213 1718 1275 1751 est
1307 1712 1491 1764 Iuppiter
1523 1710 1738 1763 uoluptate
1771 1724 1867 1750 con-

242 1786 403 1825 cubitus
448 1785 650 1825 delenitus
694 1783 925 1837 duplicasse
966 1789 1161 1822 noctem:
1208 1783 1308 1834 quid
1351 1782 1461 1822 aliud
1503 1788 1566 1821 est
1599 1782 1696 1821 uitia
1727 1787 1871 1821 nostra

242 1857 463 1896 incendere
515 1869 641 1908 quam
694 1861 886 1894 auctores
938 1854 1012 1893 illis
1064 1853 1285 1894 inscribere
1337 1854 1441 1892 deos
1493 1859 1535 1892 et
1577 1854 1676 1892 dare
1719 1853 1870 1892 morbo

208 1952 222 1975 5,
244 1927 443 1979 exemplo
488 1927 711 1966 diuinitatis
753 1931 998 1965 excusatam
1041 1924 1275 1964 licentiam?
1320 1931 1495 1977 possunt
1538 1924 1623 1963 istis
1662 1937 1745 1963 non
1777 1924 1869 1963 bre-

243 1999 435 2038 uissimae
477 1998 605 2037 uideri
649 2003 816 2045 noctes,
861 2010 964 2049 quas
1007 2000 1095 2036 tarn
1139 2009 1233 2035 care
1273 1997 1536 2034 mercantur?
1582 1995 1692 2034 diem
1737 1996 1872 2034 noctis

243 2070 538 2122 expectatione
571 2070 766 2121 perdunt,
799 2075 970 2108 noctem
1004 2067 1104 2106 lucis
1136 2074 1263 2106 metu.

410 2320 419 2340 t

251 2352 259 2384 1
300 2353 478 2394 preterinrsi
626 2352 645 2383 :3
681 2351 900 2392 intellegunt*
1045 2350 1065 2383 (3
1102 2350 1268 2381 affectibus
1296 2348 1419 2393 (prsor
1446 2349 1456 2379 l
1482 2349 1591 2390 corr.)
1737 2347 1757 2381 T
1790 2359 1872 2390 quae

1442 2415 1459 2431 u
1492 2406 1529 2431 ad

245 2451 383 2478 metuunt
421 2445 525 2481 dcl-h:
555 2450 771 2487 quameluunt.
950 2445 971 2477 8
1006 2449 1123 2486 putes*
1310 2445 1329 2475 9
1365 2444 1471 2475 ueniat
1498 2443 1682 2474 condictum

247 2506 289 2539 1s)
324 2516 402 2546 ςςης
561 2506 651 2536 tarde
678 2504 725 2547 (2'71
754 2504 842 2547 ras.)
982 2515 1055 2535 oras
1082 2507 1254 2545 queruntur
1401 2502 1438 2536 ll
1478 2506 1601 2533 esmant
1751 2502 1787 2535 12
1822 2508 1873 2532 aut

247 2588 463 2623 deteriores:
492 2594 522 2619 ul
551 2591 647 2628 (ame
673 2600 691 2619 u
717 2587 861 2629 lacuna)
1009 2587 1046 2619 123
1081 2561 1164 2628 quo(l
1193 2576 1239 2617 int¹
1265 2587 1347 2617 iacet
1480 2585 1520 2618 ⁷15
1546 2588 1747 2626 exspectatur

248 2650 289 2682 1ss
325 2654 393 2680 tran
420 2649 506 2679 silire
532 2648 578 2690 (re
605 2649 639 2680 in
667 2652 754 2688 ras.)
916 2648 960 2678 rei
996 2650 1092 2683 (mlle
1119 2647 1294 2690 reiparu.
1322 2646 1409 2683 νας.)
1593 2644 1624 2677 li
1666 2648 1696 2675 at
1724 2670 1758 2677 ..
1785 2643 1873 2685 quod

247 2714 356 2739 amant
392 2706 575 2740 Muretus:
614 2709 655 2738 ad
684 2734 689 2740 .
718 2735 723 2740 .
750 2708 837 2748 quod
873 2708 993 2737 amanti
1195 2706 1238 2738 l&
1272 2709 1349 2736 uoto
1386 2702 1504 2737 li'oclz:
1542 2704 1620 2734 uitio
1656 2702 1734 2738 cod.
1772 2702 1872 2745 Consi

246 2766 296 2800 ad
330 2765 407 2802 Pal.
449 2770 505 2806 11»,
550 2770 568 2797 (ἰ
605 2778 694 2798 usum
732 2767 931 2808 fructumque
969 2766 1054 2804 eius,
1097 2765 1244 2805 quamuis
1278 2765 1406 2795 breuior
1439 2768 1516 2794 uoto
1552 2766 1605 2793 tuo
1641 2763 1751 2804 fuerit,
1795 2763 1872 2792 boni

247 2862 378 2893 consule
507 2863 544 2894 l‘.)
574 2862 633 2898 illis·
652 2859 835 2894 Muretus:
868 2861 911 2892 illi
1034 2862 1078 2893 ‘Al
1105 2828 1262 2901 adcmrtra
1384 2859 1426 2892 223
1462 2858 1548 2889 aliud
1575 2857 1610 2898 (d
1636 2856 1746 2899 007'7'.)
