1977 3231
51 1696 71 1728 (ὑ

647 569 686 611 L.
729 568 916 611 ANNAEI
958 568 1175 611 SENECAE

373 666 954 728 DlALOGORVM
1008 666 1267 728 LIBER
1311 667 1447 728 Vll.

731 792 794 822 AD
822 792 1094 823 GALLIONEM

688 872 746 907 DE
790 872 910 907 VITA
952 873 1131 908 BEATA.

217 1046 262 1092 Is
290 1032 456 1099 Viuere,
479 1051 613 1091 Gallio
646 1051 780 1099 frater,
814 1065 960 1091 omnes
993 1052 1118 1092 beate
1147 1052 1300 1100 uolunt,
1334 1054 1408 1093 sed
1431 1053 1720 1105 ad'peruiden-

99 1124 209 1171 dum,
243 1124 340 1176 quid
372 1123 423 1162 sit
455 1124 569 1175 quod
601 1123 769 1162 beatam
804 1123 930 1162 uitam
963 1122 1129 1170 efficiat,
1163 1123 1341 1176 caligant
1414 1125 1605 1176 adeoque
1638 1137 1722 1162 non

97 1200 159 1233 est
201 1193 316 1233 facile
359 1194 555 1246 consequi
597 1194 764 1232 beatam
808 1195 956 1240 uitam,
1000 1200 1043 1233 ut
1086 1208 1137 1233 eo
1181 1195 1353 1247 quisque
1392 1194 1445 1233 ab
1479 1208 1527 1233 ea
1560 1194 1722 1246 longius

97 1266 287 1312 recedat,
330 1278 413 1316 quo
456 1266 509 1303 ad
541 1264 649 1303 illam
683 1265 926 1304 concitatius
960 1264 1106 1311 fertur,
1149 1265 1180 1303 si
1214 1266 1278 1304 uia
1311 1265 1449 1318 lapsus
1482 1273 1568 1304 est:
1616 1278 1722 1317 quae

96 1335 166 1374 ubi
207 1334 246 1373 in
279 1336 529 1374 contrarium
563 1336 695 1383 ducit,
733 1336 822 1388 ipsa
854 1335 1052 1375 uelocitas
1085 1337 1250 1375 maioris
1282 1335 1480 1375 interualli
1512 1349 1635 1375 causa
1666 1335 1721 1374 fit.

95 1407 418 1458 proponendum
451 1412 513 1445 est
544 1407 682 1459 itaque
715 1407 910 1459 primum,
943 1406 1041 1458 quid
1074 1407 1124 1445 sit
1157 1408 1272 1458 quod
1305 1407 1563 1460 adpetamus.
1626 1414 1723 1446 tunc

97 1476 518 1528 circumspiciendum,
551 1490 632 1528 qua
665 1477 920 1516 contendere
952 1476 1021 1515 illo
1055 1476 1266 1516 celerrime
1290 1478 1508 1534 possim-us,
1540 1477 1719 1516 intellec-

95 1548 173 1586 turi
217 1547 255 1585 in
298 1547 388 1599 ipso
421 1548 585 1594 itinere5
630 1548 662 1586 si
694 1548 825 1586 modo
868 1553 1027 1586 rectum
1070 1548 1166 1594 erit,
1209 1555 1408 1599 quantum
1443 1547 1594 1586 cotidie
1626 1561 1719 1600 pro-

96 1617 259 1669 fligetur
299 1625 539 1670 quantoque
582 1618 751 1669 propius
793 1618 845 1656 ab
890 1632 940 1657 eo
985 1619 1131 1665 simus,
1176 1619 1230 1657 ad
1263 1619 1377 1670 quod
1411 1631 1487 1657 nos
1519 1617 1720 1669 cupiditas

97 1687 291 1727 naturalis
334 1688 498 1740 inpellit.
561 1689 759 1740 quamdiu
803 1689 972 1740 quidem
1015 1689 1168 1740 passim
1212 1702 1412 1740 uagamur
1454 1702 1538 1728 non
1571 1691 1721 1728 ducem

95 1759 225 1798 secuti
266 1760 340 1797 sed
383 1758 591 1798 fremitum
626 1766 666 1798 et
699 1758 926 1799 clamorem
960 1759 1172 1798 dissonum
1207 1760 1245 1798 in
1279 1760 1440 1798 diuersa
1472 1760 1722 1806 uocantium,

96 1835 333 1872 conteretur
371 1830 455 1868 uita
486 1831 591 1869 inter
623 1843 782 1869 errores
815 1830 972 1877 breuis,
1015 1830 1174 1870 etiamsi
1207 1831 1294 1868 dies
1325 1837 1554 1882 noctesque
1585 1830 1721 1870 bonae

96 1901 223 1939 menti
256 1900 515 1939 laboremus:
555 1901 801 1940 decernatur
832 1901 981 1953 itaque,
1015 1907 1056 1940 ct
1089 1914 1171 1952 quo
1204 1901 1427 1940 tendamus
1449 1907 1490 1940 et
1512 1915 1605 1953 qua,
1637 1915 1720 1940 non

95 1971 181 2010 sine
224 1972 357 2024 perito
400 1971 558 2024 aliquo,
611 1972 673 2010 cui
715 1971 935 2025 explorata
976 1972 1056 2011 sint
1099 1985 1167 2019 ea,
1219 1971 1258 2010 in
1300 1985 1406 2024 quae
1447 1972 1721 2024 procedimus,

95 2041 291 2093 quoniam
335 2041 504 2093 quidem
538 2056 621 2081 non
655 2043 803 2082 eadem
836 2042 901 2082 hic
933 2056 1038 2094 quae
1071 2043 1108 2081 in
1143 2042 1289 2082 ceteris
1321 2042 1722 2094 peregrinationibus

96 2112 284 2151 condicio
318 2118 402 2151 est:
439 2113 479 2150 in
510 2112 584 2152 illis
618 2126 871 2165 conprensus
903 2112 1046 2165 aliquis
1079 2112 1196 2152 limes
1229 2118 1271 2152 et
1300 2112 1541 2165 interrogati
1563 2113 1722 2152 incolae

95 2195 179 2222 non
211 2183 421 2235 patiuntur
454 2196 598 2222 errare.
653 2190 695 2222 at
727 2183 794 2223 hic
825 2184 1036 2223 tritissima
1067 2196 1256 2234 quaeque
1289 2183 1353 2222 uia
1385 2190 1426 2222 et
1455 2183 1722 2223 celeberrima

96 2253 280 2292 maxime
331 2253 492 2305 decipit.
558 2253 655 2293 nihil
705 2267 806 2304 ergo
850 2254 983 2305 magis
1025 2255 1323 2306 praestandum
1373 2260 1456 2301 est,
1504 2268 1628 2306 quam
1671 2268 1721 2293 ne

94 2336 293 2375 pecorum
328 2324 404 2362 ritu
437 2337 659 2375 sequamur
691 2325 1027 2364 antecedentium
1060 2337 1245 2376 gregem,
1278 2330 1500 2376 pergentes
1533 2339 1616 2363 non
1639 2339 1721 2377 quo

95 2394 276 2432 eundum
320 2399 403 2441 est,
446 2394 520 2433 sed
559 2408 643 2446 quo
676 2395 764 2435 itur.
827 2395 939 2447 atqui
972 2393 1080 2434 nulla
1122 2407 1185 2433 res
1228 2408 1304 2433 nos
1349 2395 1570 2434 maioribus
1604 2395 1720 2434 malis

94 2463 272 2515 inplicat,
304 2477 429 2516 quam
462 2465 576 2516 quod
609 2466 662 2503 ad
695 2478 906 2504 rumorem
930 2466 1215 2516 conponimur,
1248 2467 1410 2516 optima
1433 2466 1507 2505 rati
1530 2480 1588 2513 ea,
1617 2479 1721 2517 quae

95 2547 250 2585 magno
293 2534 470 2573 adsensu
516 2541 683 2588 recepta
725 2542 819 2575 sunt
863 2536 1061 2587 quodque
1094 2534 1291 2586 exempla
1323 2542 1407 2586 pro
1439 2535 1560 2575 bonis
1594 2537 1721 2575 multa

96 2684 114 2717 2
142 2685 279 2716 efficia*
415 2685 435 2719 6
462 2690 652 2727 appetamus
678 2686 797 2730 (prior
823 2699 844 2728 p
870 2686 980 2727 corr)
1130 2684 1149 2718 9
1175 2690 1365 2727 quantoque·
1504 2688 1634 2729 propius
1661 2688 1721 2729 (ius

93 2743 127 2776 in
155 2744 241 2785 ras.)
386 2744 425 2778 11
454 2746 553 2776 secuti
579 2746 657 2787 <cuii
684 2745 718 2778 in
746 2746 835 2787 ras.)
979 2746 1014 2778 12¹
1043 2750 1222 2785 1ioctesq;*
1372 2745 1412 2778 14
1439 2747 1547 2787 aliquo
1565 2759 1575 2775 ‹-

94 2801 138 2835 16
164 2812 353 2843 conpressus
381 2802 501 2848 (prior
526 2814 540 2833 S
568 2802 712 2838 uidetur
737 2813 787 2837 ex
813 2815 832 2835 n
859 2804 969 2843 corr.)
1091 2803 1131 2836 21
1162 2805 1390 2846 componimur
1517 2804 1561 2837 ‘22
1595 2814 1721 2835 assensu

94 2859 144 2902 (as
169 2859 205 2894 in
231 2861 319 2901 ras.)
463 2872 523 2903 pro
549 2862 644 2894 bonis
672 2860 866 2896 Erasmus:
894 2863 989 2894 bonis

1743 1348 1757 1371 5

1747 1700 1774 1724 10

1745 2053 1774 2077 15

1742 2407 1755 2429 2
1759 2406 1774 2427 0
