2008 3221
210 78 294 118 216
411 73 513 100 DIAL.
536 73 587 100 IX.
627 73 682 98 AD
704 71 892 97 SERENVM
913 71 966 96 DE
985 70 1337 103 TRANQVILLITATE
1357 69 1485 97 ANIMI.
1525 71 1568 98 14.
1594 72 1633 97 15.

209 170 325 209 exire
361 183 415 209 sc.
480 168 775 222 promisitque,
817 167 849 207 si
881 166 980 220 quid
1013 165 1294 219 explorasset,
1338 166 1646 206 circumiturum
1678 167 1835 206 amicos

211 248 252 281 et
274 241 559 287 indicaturum,
583 239 672 291 quis
695 243 805 278 esset
827 238 1061 277 animorum
1084 242 1227 277 status.
1261 250 1358 277 ecce
1375 237 1414 276 in
1432 236 1569 276 media
1582 242 1835 289 tempestate

210 310 492 364 tranquillitas,
556 323 653 348 ecce
695 309 854 348 animus
892 309 1136 348 aeternitate
1169 308 1339 360 dignus,
1381 308 1450 360 qui
1481 306 1613 347 fatum
1645 321 1766 347 suum
1798 307 1837 346 in

211 387 503 435 argumentum
536 380 622 419 ueri
654 385 790 428 uocat,
823 379 891 432 qui
923 380 962 418 in
995 378 1141 418 ultimo
1173 377 1241 418 illo
1275 378 1407 430 gradu
1429 378 1588 430 positus
1611 383 1837 417 exeuntem

177 468 191 491 5
211 455 392 494 animam
435 456 728 504 percunctatur
769 444 846 490 ne'c
885 463 1016 503 usque
1049 450 1103 489 ad
1136 454 1317 489 mortem
1350 454 1535 497 tantum,
1578 449 1654 488 sed
1686 448 1839 501 aliquid

212 525 337 564 etiam
371 536 426 562 ex
457 523 546 575 ipsa
578 527 715 561 morte
749 522 895 561 discit:
942 534 1068 560 nemo
1102 520 1253 560 diutius
1274 518 1595 572 philosophatus
1617 525 1690 559 est.
1753 532 1839 558 non

212 596 363 647 raptim
397 592 647 646 relinquetur
679 605 857 645 magnus
891 592 950 631 uir
982 598 1025 632 et
1057 605 1151 631 cum
1185 605 1284 631 cura
1315 590 1540 631 dicendus:
1577 589 1769 630 dabimus
1796 595 1839 630 te

211 667 252 706 in
294 678 466 705 omnem
504 663 774 712 memoriam,
817 662 1090 704 clarissimum
1123 668 1267 715 caput,
1310 660 1494 702 Gaianae
1525 660 1654 701 cladis
1686 673 1841 713 magna

211 737 375 790 portio!

163 821 192 846 10
332 806 427 846 XV.
486 804 573 846 Sed
624 804 721 846 nihil
772 806 946 859 prodest
994 805 1180 858 priuatae
1218 803 1404 844 tristitiae
1443 815 1588 842 causas
1629 801 1840 842 abiecisse.

214 884 391 931 occupat
434 878 543 917 enim
586 890 904 929 nonnumquam
946 876 1090 916 odium
1133 875 1296 928 generis
1337 873 1515 914 humani.
1591 886 1685 913 cum
1727 873 1839 925 cogi-

213 949 385 998 tarmis,
428 961 554 1001 quam
597 948 650 988 sit
692 961 784 987 rara
827 946 1067 1000 simplicitas
1110 952 1152 986 et
1193 959 1319 999 quam
1357 946 1504 997 ignota
1534 945 1770 1000 innocentia
1802 949 1844 984 et

214 1021 285 1061 uix
317 1033 539 1072 umquam,
582 1019 656 1059 nisi
689 1032 784 1059 cum
818 1019 1012 1071 expedit,
1055 1017 1181 1066 fides,
1215 1023 1257 1056 et
1289 1016 1513 1056 occurrerit
1543 1021 1609 1056 tot
1639 1014 1842 1055 scelerum

215 1091 392 1132 felicium
424 1090 547 1130 turba
579 1096 621 1130 et
653 1089 831 1130 libidinis
862 1089 976 1129 lucra
1009 1090 1247 1141 damnaque
1278 1087 1433 1141 pariter
1454 1087 1584 1126 inuisa
1605 1092 1647 1126 et
1669 1085 1843 1125 ambitio

166 1176 195 1200 15
215 1175 346 1215 usque
378 1174 429 1201 eo
462 1161 543 1200 iam
576 1174 620 1200 se
652 1160 733 1199 suis
766 1173 849 1199 non
882 1160 1099 1199 continens
1131 1158 1331 1207 terminis,
1365 1163 1409 1197 ut
1440 1171 1515 1210 per
1546 1156 1844 1210 turpitudinem

215 1232 458 1286 splendeat:
504 1231 641 1283 agitur
684 1231 845 1271 animus
889 1232 928 1270 in
970 1236 1140 1270 noctem
1183 1234 1225 1269 et
1267 1228 1379 1268 uelut
1422 1228 1575 1268 euersis
1618 1227 1846 1275 uirtutibus,

216 1317 319 1358 quas
361 1317 438 1343 nec
475 1316 643 1356 sperare
683 1301 780 1342 licet
823 1315 901 1341 nec
931 1301 1088 1341 habere
1120 1300 1315 1353 prodest,
1358 1299 1557 1339 tenebrae
1590 1298 1846 1338 oboriuntur.

216 1375 256 1414 in
298 1374 380 1415 hoc
424 1375 562 1427 itaque
605 1373 799 1413 flectendi
842 1386 1003 1421 sumus,
1048 1378 1093 1412 ut
1136 1371 1277 1411 omnia
1317 1369 1432 1422 uolgi
1476 1370 1571 1410 uitia
1603 1383 1687 1409 non
1719 1369 1878 1408 inuisa·

217 1446 348 1494 nobis,
381 1446 454 1485 scd
488 1443 657 1484 ridicula
688 1443 906 1484 uideantur
937 1449 979 1483 et
1011 1443 1304 1482 Democritum
1327 1441 1467 1494 potius
1489 1441 1699 1480 imitemur
1720 1453 1847 1492 quam

164 1530 197 1553 20
218 1516 487 1557 Heraclitum.
550 1515 615 1555 hic
658 1516 790 1563 enim,
834 1514 1027 1567 quotiens
1064 1514 1104 1553 in
1136 1512 1348 1566 publicum
1380 1517 1666 1570 processerat,
1710 1510 1847 1559 flebat,

217 1576 283 1628 ille
331 1587 507 1628 ridebat.
588 1585 682 1626 huic
724 1586 885 1634 omnia,
934 1599 1041 1638 quae
1083 1585 1267 1636 agimus,
1317 1582 1525 1631 miseriae,
1574 1581 1628 1622 illi
1669 1581 1849 1634 ineptiae

220 1659 494 1700 uidebantur:
539 1657 743 1698 cleuanda
765 1670 866 1709 ergo
890 1656 1032 1696 omnia
1054 1662 1094 1696 et
1116 1655 1221 1696 sacili
1245 1655 1384 1695 animo
1406 1653 1587 1693 ferenda.
1630 1652 1850 1693 humanius

221 1738 283 1772 cst
315 1730 506 1770 deridere
540 1730 667 1769 uitam
700 1741 826 1781 quam
859 1726 1090 1781 deplorare.
1154 1727 1271 1767 adice
1304 1726 1419 1779 quod
1452 1725 1506 1765 de
1537 1724 1723 1765 humano
1745 1738 1848 1778 quo-

221 1817 301 1855 que
343 1815 498 1854 genere
540 1800 685 1840 melius
724 1804 908 1840 meretur
939 1799 1007 1852 qui
1039 1798 1147 1838 ridet
1178 1797 1297 1846 illud,
1339 1810 1466 1850 quam
1499 1796 1568 1849 qui
1598 1795 1737 1848 luget:
1785 1794 1852 1835 ille

169 1883 202 1909 25
222 1875 258 1913 ei
289 1873 376 1926 spei
407 1872 547 1911 bonae
579 1871 731 1924 aliquid
764 1870 965 1923 relinquit,
998 1869 1064 1910 hic
1092 1875 1233 1909 autem
1256 1867 1381 1908 stulte
1403 1866 1541 1915 defiet,
1574 1880 1680 1919 quae
1703 1866 1852 1919 corrigi

222 1957 346 1998 posse
389 1944 596 1996 desperat.
659 1948 700 1982 et
743 1942 931 1981 uniuersa
964 1939 1272 1993 contemplatus
1305 1938 1470 1979 maioris
1502 1938 1626 1978 animi
1658 1943 1742 1986 est,
1785 1937 1854 1990 qui

223 2016 348 2055 risum
382 2028 466 2053 non
499 2004 615 2053 ῖρῑῖεέῒ
647 2026 774 2066 quam
806 2012 874 2065 qui
906 2011 1117 2060 lacrimas,
1151 2011 1321 2064 quando
1353 2009 1608 2049 lenissimum
1641 2007 1852 2058 adfectum

224 2085 348 2126 animi
380 2090 525 2124 mouet
558 2090 599 2123 et
632 2082 729 2123 nihil
761 2097 984 2136 magnum,
1027 2082 1123 2122 nihil
1155 2082 1330 2131 serium,
1372 2094 1424 2120 ne
1457 2080 1653 2120 miserum
1685 2079 1853 2133 quidem

225 2171 280 2197 ex
312 2161 431 2196 tanto
464 2160 610 2209 paratu
643 2159 772 2207 putat.
835 2152 997 2206 singula
1028 2158 1203 2206 propter
1224 2165 1331 2206 quae
1352 2150 1448 2192 laeti
1471 2164 1520 2190 ac
1540 2150 1679 2191 tristes
1700 2163 1853 2199 sumus,

172 2239 206 2264 30
225 2221 302 2267 sibi
334 2227 507 2280 quisque
539 2230 752 2279 proponat
785 2230 827 2264 et
858 2226 961 2265 sciet
993 2237 1138 2264 uerum
1172 2237 1263 2264 esse
1285 2223 1399 2276 quod
1421 2222 1526 2262 Bion
1549 2221 1679 2262 dixit:
1715 2220 1856 2261 omnia

344 2368 364 2401 ‘2
392 2368 501 2403 afiiozl
527 2364 605 2402 cod,
633 2367 814 2397 animarum
833 2362 943 2410 uulqo
1065 2363 1084 2397 6
1111 2363 1360 2405 philosophatus
1378 2365 1424 2394 est
1442 2359 1613 2407 Madm'q:
1643 2361 1855 2403 philosopha-

226 2468 273 2494 tus
299 2462 355 2493 sed
493 2465 513 2488 μ’
549 2428 643 2502 caputt
679 2459 705 2501 (t
731 2459 841 2500 corr.)
979 2458 1054 2498 gaia
1080 2468 1120 2489 ne
1145 2439 1252 2499 {iadis
1396 2455 1431 2489 13
1465 2459 1503 2489 ut
1527 2454 1739 2489 haberemus
1764 2464 1856 2499 quae

226 2530 385 2575 iutelleqz'
407 2535 579 2575 possent,
613 2529 725 2564 uerba
760 2535 790 2561 et
824 2530 963 2561 occurrit
988 2533 1035 2560 tot
1059 2529 1216 2560 scelerum
1243 2528 1384 2559 felicium
1410 2527 1522 2569 turba,
1556 2536 1649 2570 quae
1674 2525 1709 2559 in
1735 2523 1858 2559 codice

221 2596 308 2636 post
335 2591 460 2632 generis
487 2591 619 2621 humani
639 2590 712 2631 (11)
731 2589 972 2629 inueniuntur,
991 2591 1080 2633 post
1108 2588 1186 2619 fides
1207 2586 1326 2632 posui,
1351 2586 1400 2619 ita
1418 2589 1456 2619 uc
1473 2586 1611 2617 occurrit
1629 2583 1664 2618 in
1683 2585 1857 2621 occurrerit

228 2654 425 2686 mutar-evm
457 2648 564 2682 Gertz
591 2648 704 2683 uerba
731 2660 803 2680 cum
831 2648 1026 2690 cogitaueris
1054 2647 1127 2691 (11)
1155 2644 1276 2681 delere
1301 2643 1434 2679 maluit
1548 2644 1589 2678 ,17'
1615 2642 1746 2676 tenebre

229 2743 272 2779 ’18
307 2744 394 2786 uulgi
524 2743 567 2777 ‘24
604 2744 681 2775 illud
710 2744 745 2787 (d
771 2752 821 2778 ex
847 2747 857 2775 l
884 2743 993 2784 corr.)
1122 2740 1166 2775 25
1203 2741 1231 2773 ei
1261 2738 1386 2774 Gertz:
1416 2744 1446 2772 et
1571 2707 1702 2781 relinqdt

229 2802 273 2839 27
299 2803 496 2835 lenissimum
527 2801 655 2836 Gertz:
685 2803 852 2839 leuissimi]
973 2800 1019 2839 28
1043 2802 1161 2834 serium
1188 2798 1360 2844 Maduz'q:
1389 2810 1422 2831 se
1447 2803 1526 2835 uersi

1867 248 1906 281 10

1874 1380 1893 1411 ἶ»
