2008 3221
262 128 341 168 178
555 122 660 150 DIAL.
676 122 741 148 V11.
781 122 835 147 AD
857 120 1092 147 GALLIONEM
1113 120 1167 146 DE
1187 121 1281 146 VITA
1302 120 1442 148 BEATA.
1480 121 1523 149 24.
1544 121 1588 149 25.

256 236 376 262 suum
431 219 607 260 diffundi
650 225 691 259 et
731 217 1023 259 liberalitatem
1067 231 1286 267 exercere,
1339 232 1447 270 quae
1488 232 1572 258 non
1613 220 1711 271 quia
1751 217 1889 259 liberis

258 293 454 339 debetur,
506 291 581 331 sed
633 292 730 343 quia
771 305 796 330 a
843 290 975 331 libero
1029 293 1169 330 animo
1222 289 1514 342 proficiscitur,
1565 292 1623 330 ita
1674 293 1890 331 nominata

257 370 330 403 est.
406 362 508 402 haec
560 362 689 414 apud·
716 363 948 414 sapientem
990 376 1067 402 nec
1105 375 1304 413 umquam
1347 361 1387 400 in
1428 366 1570 414 turpes
1615 361 1890 415 indignosque

256 434 478 487 inpingitur
520 447 596 473 nec
641 447 841 486 umquam
883 433 942 473 ita
983 432 1212 485 defetigata
1254 440 1384 481 errat,
1444 437 1488 472 ut
1539 446 1645 481 non,
1698 435 1890 485 quotiens

220 506 428 557 sdignum
472 506 697 554 inuenerit,
743 506 859 556 quasi
901 518 955 544 ex
1003 504 1128 556 pleno
1173 504 1282 544 fluat.
1348 518 1432 543 non
1486 511 1549 544 est
1601 517 1724 557 ergo,
1777 505 1932 556 quod.'

256 590 476 628 perperam
520 575 766 624 exaudiatis,
808 589 916 627 quae
957 575 1145 623 honeste,
1189 574 1361 624 fortiter,
1399 576 1587 615 animose
1630 589 1653 614 a
1694 575 1891 614 studiosis

255 648 485 698 sapientiae
518 647 722 686 dicuntur.
769 653 812 686 et
843 646 926 686 hoc
957 648 1135 698 primum
1169 646 1406 686 adtendite:
1443 645 1552 686 aliud
1586 652 1650 686 est
1681 646 1891 686 studiosus

256 718 500 769 sapientiae,
544 717 654 757 aliud
696 719 778 757 iam
812 718 991 770 adeptus
1023 718 1282 770 sapientiam.
1344 716 1411 756 ille
1443 717 1517 757 tibi
1550 717 1685 757 dicet:
1732 718 1892 770 optime

257 788 416 840 loquor,
450 789 525 828 sed
560 787 695 828 adhuc
728 790 832 829 inter
865 788 975 828 mala
1007 788 1173 828 uolutor
1204 787 1391 841 plurima.
1455 801 1538 827 non
1571 794 1644 836 est,
1677 788 1792 840 quod
1825 801 1918 840 mev

209 869 237 893 ¹0
259 861 313 899 ad
357 859 578 899 formulam
620 873 758 899 meam
798 861 957 912 exigas.
1020 873 1114 899 cum
1149 861 1334 899 maxime
1368 858 1473 899 facio
1506 872 1574 898 me
1606 866 1647 899 et
1679 858 1816 898 formo
1850 864 1892 898 et

256 932 310 970 ad
353 930 570 984 exemplar
612 933 758 983 ingens
802 929 962 971 attollo.
1025 932 1058 970 si
1100 944 1347 983 processero
1380 936 1764 982 quantumcumque
1797 942 1891 982 pro-

256 1003 396 1054 posui,
441 1004 565 1054 exige
608 1009 653 1042 ut
686 1003 807 1042 dictis
839 1001 950 1042 facta
981 1003 1275 1054 respondeant.
1339 1001 1561 1041 adsecutus
1594 1014 1693 1040 uero
1725 1000 1893 1042 humani

256 1073 355 1113 boni
388 1087 598 1113 summam
633 1073 748 1113 aliter
781 1080 921 1114 tecum
955 1080 1053 1126 aget
1086 1079 1128 1112 et
1160 1073 1294 1113 dicet:
1343 1074 1523 1126 primum
1557 1086 1641 1112 non
1674 1079 1747 1120 est,
1777 1074 1891 1125 quod

256 1144 331 1184 tibi
374 1146 594 1197 permittas
639 1145 691 1184 de
734 1144 974 1184 melioribus
1017 1144 1122 1184 ferre
1165 1145 1446 1184 sententiam:
1494 1142 1592 1183 mihi
1631 1144 1734 1192 iam,
1777 1145 1893 1197 quod

206 1226 234 1250 ¹⁵
257 1223 550 1268 argumentum
585 1222 647 1255 est
680 1218 792 1264 recti,
826 1217 1003 1268 contigit
1037 1215 1154 1255 malis
1188 1214 1417 1267 displicere.
1460 1215 1545 1263 sed,
1580 1221 1624 1255 ut
1656 1215 1731 1256 tibi
1765 1216 1889 1255 ratio-
1919 1220 1931 1249 τ’

255 1301 352 1326 nem
395 1288 593 1335 reddam,
636 1301 718 1340 qua
749 1287 847 1327 nulli
881 1286 1121 1326 mortalium
1154 1286 1341 1338 inuideo,
1385 1287 1480 1326 audi
1513 1287 1612 1338 quid
1644 1286 1891 1338 promittam

256 1364 298 1398 et
340 1360 483 1411 quanti
516 1372 708 1410 quaeque
740 1360 985 1398 aestimem:
1033 1359 1198 1398 diuitias
1230 1371 1341 1409 nego
1373 1357 1532 1396 bonum
1566 1371 1667 1398 esse.
1730 1372 1826 1397 nam
1858 1359 1890 1397 si

256 1436 412 1478 essent,
446 1429 583 1469 bonos
615 1429 809 1469 facerent.
860 1443 980 1468 nunc
1012 1430 1223 1480 quoniam,
1256 1429 1372 1480 quod
1405 1429 1516 1482 apud
1550 1427 1682 1467 malos
1715 1429 1890 1481 depren-

256 1500 385 1548 ditur,
428 1501 506 1540 dici
549 1500 708 1540 bonum
752 1514 836 1539 non
880 1506 1045 1552 potest,
1089 1499 1171 1540 hoc
1214 1499 1288 1539 illis
1328 1513 1484 1539 nomen
1521 1513 1642 1551 nego.
1706 1506 1891 1540 ceterum

202 1582 235 1606 20
256 1578 297 1611 et
339 1571 557 1611 habendas
600 1585 692 1611 esse
734 1577 776 1611 et
820 1570 940 1611 utiles
984 1577 1026 1610 et
1069 1585 1224 1623 magna
1266 1571 1498 1611 commoda
1529 1572 1637 1610 uitae
1669 1570 1892 1611 adferentis

256 1641 400 1683 fateor.

375 1713 512 1754 XXV.
569 1713 682 1766 Quid
726 1728 827 1767 ergo
867 1716 941 1762 sit,
984 1728 1111 1766 quare
1144 1713 1231 1754 illas
1263 1727 1348 1753 non
1380 1715 1420 1754 in
1452 1713 1573 1754 bonis
1606 1727 1821 1753 numerem
1855 1719 1895 1753 et
1924 1726 1927 1730 ¹

256 1785 356 1836 quid
400 1791 611 1837 praestem
656 1787 695 1825 in
728 1784 813 1825 'illis
856 1785 966 1825 aliud
1009 1799 1135 1838 quam
1178 1799 1275 1834 uos,
1319 1787 1516 1837 quoniam
1559 1787 1665 1825 inter
1696 1792 1897 1837 utrosque

257 1858 452 1896 conuenit
485 1855 713 1906 habendas,
747 1857 898 1897 audite.
949 1870 1061 1910 pone
1092 1859 1132 1896 in
1165 1856 1478 1908 opulentissima
1509 1870 1577 1896 me
1610 1857 1754 1904 domo,
1786 1869 1897 1907 pone

206 1938 240 1962 25
261 1926 329 1966 ubi
363 1941 507 1967 aurum
542 1934 848 1980 argentumque
880 1929 919 1967 in
952 1930 1191 1980 promiscuo
1225 1942 1299 1967 usu
1332 1929 1409 1968 sit:
1459 1941 1543 1968 non
1574 1928 1796 1980 suspiciam
1831 1940 1898 1966 me

257 2001 311 2037 ob
345 2000 436 2047 ista,
469 2012 575 2050 quae
608 2001 770 2039 etiamsi
803 2001 915 2052 apud
949 2013 1027 2048 me,
1062 2006 1184 2039 extra
1212 2013 1279 2038 me
1302 2005 1444 2038 tamen
1466 2004 1572 2038 su'nt.
1615 2000 1655 2038 in
1677 1997 1893 2038 sublicium

257 2077 432 2121 pontem
476 2083 545 2109 me
587 2069 764 2110 transfer
797 2077 839 2110 et
872 2073 978 2111 inter
1011 2077 1185 2123 egentes
1217 2070 1360 2110 abice:
1408 2083 1491 2109 non
1523 2070 1619 2109 ideo
1651 2076 1794 2110 tamen
1827 2082 1895 2108 me

258 2141 509 2194 despiciam,
555 2143 671 2193 quod
714 2144 754 2181 in
796 2141 959 2182 illorum
1002 2156 1177 2181 numero
1221 2142 1475 2190 consedero,
1518 2142 1587 2193 qui
1630 2154 1797 2180 manum
1841 2140 1895 2179 ad

258 2214 411 2264 stipem
445 2214 677 2265 porrigunt.
739 2214 839 2265 quid
873 2214 982 2253 enim
1016 2213 1070 2252 ad
1103 2227 1202 2261 rem,
1234 2226 1286 2252 an
1318 2211 1492 2252 frustum
1526 2213 1643 2264 panis
1676 2211 1801 2259 desit,
1834 2211 1896 2250 cui

267 2329 273 2361 l
316 2330 544 2362 liberalitatem
579 2329 683 2366 deta:
728 2331 880 2364 libertate
1068 2343 1133 2363 non
1167 2342 1231 2373 qua
1265 2331 1375 2362 liberis
1410 2330 1554 2362 debetur.
1590 2330 1646 2361 sed
1678 2314 1752 2371 qu¹a
1787 2329 1898 2361 liberis

1728 2390 1736 2419 i
1750 2399 1882 2430 ,puerse

262 2436 405 2470 debetur.
433 2437 488 2468 sed
515 2438 590 2478 quia
616 2438 741 2469 alibero
899 2438 918 2470 :3
956 2442 1031 2478 aput
1179 2438 1319 2479 iuturpes
1346 2436 1396 2479 (in
1422 2436 1510 2479 ras.)
1672 2436 1691 2466 (ἱ
1727 2446 1897 2477 perperam

262 2496 463 2540 (suprascr.
491 2506 535 2529 m.
562 2498 649 2535 rec.)
801 2496 815 2530 ἶ
852 2497 1042 2538 sapientia—za
1197 2496 1233 2528 10
1269 2507 1339 2528 cum
1368 2496 1509 2527 maxime
1535 2493 1640 2531 dett.;
1675 2505 1731 2526 cur
1757 2495 1899 2526 maxime

389 2555 419 2587 l]
456 2559 754 2597 quantumcumque
781 2553 998 2589 Pincianus:
1027 2559 1216 2597 quantumq;
1350 2555 1383 2587 153
1411 2565 1570 2585 summam
1599 2552 1734 2598 Neap.:
1772 2564 1898 2585 summa

388 2626 424 2658 12⁷)
453 2627 589 2667 contigit
618 2624 692 2659 E¹:
723 2627 883 2668 contingit
1009 2626 1047 2659 *1ss
1075 2627 1205 2657 inuideo
1232 2614 1319 2667 iluod
1347 2626 1422 2657 audi
1450 2626 1603 2667 pmittam
1631 2629 1661 2656 et
1687 2627 1898 2666 quantiq;que

382 2686 458 2726 quid
485 2683 566 2718 olim
595 2688 795 2719 correctum
925 2686 962 2718 ΙΝ
999 2686 1084 2727 apud
1112 2686 1147 2728 (d
1173 2685 1283 2723 corr.)
1423 2684 1459 2716 Π)
1495 2685 1560 2715 hoc
1587 2684 1650 2715 dici
1679 2684 1751 2716 illis.
1779 2694 1897 2715 nomen

274 2755 358 2785 nego
386 2744 465 2786 (dici
487 2742 658 2788 pluribus
683 2744 821 2779 lineolis
847 2745 1066 2779 transuersis
1093 2743 1258 2785 deletum)
1381 2744 1425 2778 22
1459 2744 1497 2774 sit
1524 2742 1682 2788 Lipsius:
1712 2747 1757 2774 est

1241 2802 1268 2836 ἐξ

264 2803 306 2836 2‘1
338 2813 422 2845 pone
448 2804 500 2834 ubi
537 2804 695 2837 Tarnim:
728 2816 811 2846 ponc
934 2804 977 2837 ‘212
1006 2805 1127 2845 istaque
1270 2803 1285 2836 Γ
1313 2804 1407 2835 abice
1437 2800 1662 2835 cromanius-2
1691 2803 1787 2843 abige

235 2867 246 2878 '¹
266 2864 309 2895 53¹.»
338 2867 404 2895 117²<-
