1977 3231
660 555 700 597 1,.
733 555 916 598 ANNARI
950 555 1168 598 SENECAE

379 653 958 715 DIALOGORVM
1018 654 1272 715 LIBER
1318 655 1459 716 XII.

762 791 824 821 ΛΙ)
854 791 1083 821 POLYEIVM

713 883 765 916 DE
801 883 1127 918 Coxsohil'rloxss.

70 1073 76 1105 1
225 1063 252 1102 Ι.
300 1063 391 1115 [20]
428 1064 503 1078 '⁴'
537 1069 703 1102 nostrae
736 1076 949 1115 conpares,
982 1062 1101 1102 firma
1133 1069 1251 1102 sunt:
1297 1064 1329 1102 si
1362 1061 1523 1115 redigas
1556 1066 1608 1103 ad
1633 1079 1729 1104 con-

109 1134 315 1173 dicionem
358 1140 527 1173 naturae
569 1135 708 1173 omnia
753 1134 1002 1173 destruentis
1035 1141 1074 1173 et
1108 1135 1217 1173 unde
1250 1135 1379 1173 edidit
1422 1135 1571 1174 eodem
1613 1150 1728 1174 reuo-

109 1205 248 1252 cantis,
282 1206 440 1244 caduca
471 1211 574 1243 sunt.
627 1206 725 1256 quid
756 1205 863 1244 enim
888 1204 1107 1244 inmortale
1131 1218 1276 1244 manus
1300 1206 1497 1245 mortales
1521 1205 1729 1245 fecerunt?

108 1282 271 1327 septem
315 1275 380 1314 illa
424 1275 618 1314 miracula
659 1281 699 1314 et
742 1276 773 1314 si
816 1289 897 1328 qua
929 1275 990 1314 1115
1024 1274 1156 1314 11111110
1189 1276 1438 1315 mirabiliora
1470 1278 1729 1328 sequentium

108 1359 311 1384 annorum
345 1347 533 1385 extruxit
556 1345 740 1395 ambitio,
773 1345 994 1398 aliquando
1018 1345 1108 1385 solo
1132 1351 1309 1397 aequata
1340 1347 1532 1385 uisentur.
1574 1349 1630 1386 ita
1658 1354 1730 1395 est,
1770 1361 1784 1382 5·

108 1415 203 1454 nihil
236 1423 496 1468 perpetuum,
529 1429 661 1468 pauca
694 1418 886 1455 diuturna
917 1422 1022 1455 sunt.
1087 1415 1195 1455 aliud
1228 1416 1306 1456 alio
1341 1418 1470 1456 modo
1495 1417 1636 1469 fragile
1659 1425 1732 1457 est.

61 1497 80 1529 χ)
108 1500 244 1526 rerum
279 1487 415 1526 exitus
448 1487 666 1535 uariantur,
700 1492 883 1526 ceterum
918 1487 1116 1539 quidquid
1140 1488 1277 1540 coepit
1301 1494 1341 1527 61
1365 1488 1511 1526 desinit
1574 1490 1730 1527 mundo

108 1558 278 1609 quidam
313 1558 519 1597 minantur
551 1559 760 1597 interitum
795 1564 835 1597 et
868 1558 950 1597 hoc
983 1559 1236 1606 uniuersum,
1275 1559 1389 1610 quod
1423 1559 1562 1597 onmia
1596 1560 1731 1597 diuina

107 1628 372 1681 humanaque
405 1628 690 1680 conplectitur,
722 1629 753 1667 si
786 1627 845 1667 fas
874 1635 996 1681 putas
1027 1630 1208 1676 credere,
1243 1629 1330 1667 dies
1353 1629 1494 1680 aliquis
1517 1629 1731 1680 dissipabit

109 1704 149 1737 et
183 1699 219 1737 in
254 1698 541 1738 confusionem
574 1704 761 1738 ueterem
785 1699 1064 1751 tenebrasque
1087 1700 1332 1750 demerget:
1369 1706 1435 1738 eat
1459 1713 1566 1738 nunc
1588 1699 1730 1751 aliquis
1756 1713 1783 1736 ιιι

108 1775 150 1808 61
173 1769 353 1821 singulas
377 1769 595 1822 conploret
617 1770 786 1809 animas.
835 1769 1095 1821 Carthaginis
1118 1783 1166 1809 ac
1189 1770 1438 1809 Numantiae
1463 1769 1731 1822 Corinthique

104 1840 287 1878 cinerem
322 1845 363 1879 et
395 1840 426 1879 si
459 1841 557 1892 quid
590 1839 710 1879 altius
744 1840 903 1888 cecidit,
936 1840 1197 1888 lamentetur,
1231 1854 1325 1879 cum
1359 1841 1483 1880 etiam
1515 1841 1595 1879 hoc
1617 1842 1730 1892 quod

108 1924 191 1948 non
224 1911 373 1958 habet,
407 1924 490 1962 quo
523 1911 657 1959 cadat,
684 1911 741 1950 sit
773 1911 1055 1950 interiturum:
1103 1917 1170 1950 eat
1202 1911 1344 1964 aliquis
1379 1917 1420 1950 et
1452 1910 1537 1950 fata
1568 1917 1730 1950 tantum

62 1988 81 2020 33
109 1980 331 2032 aliquando
364 1980 478 2020 nefas
510 1994 658 2021 ausura
690 1982 765 2020 sibi
798 1995 881 2020 non
914 1982 1150 2033 pepercisse
1173 1987 1461 2033 conqueratur.
1507 1979 1604 2036 [2Ιᾷ
1641 1982 1730 2033 quis
1785 1999 1788 2003 ’

109 2057 195 2091 tam
238 2051 444 2105 superbae
485 2052 792 2104 inpotentisque
835 2053 1107 2103 adrogantiae
1150 2059 1234 2100 est,
1277 2058 1322 2091 ut
1364 2053 1401 2091 in
1446 2052 1523 2092 hac
1556 2059 1727 2092 naturae
1753 2065 1781 2088 ι.·,

44 2159 54 2162 -
109 2124 354 2162 necessitate
397 2123 536 2161 omnia
578 2123 631 2161 ad
676 2123 855 2161 eundem
890 2122 1015 2161 finem
1049 2124 1284 2163 reuocantis
1317 2137 1362 2162 se
1395 2137 1520 2162 unum
1554 2137 1602 2162 ac
1634 2137 1732 2163 suos

108 2193 252 2245 seponi
286 2192 383 2231 uelit
415 2193 637 2244 ruinaeque
670 2194 793 2232 etiam
828 2193 900 2244 ipsi
936 2194 1094 2232 mundo
1119 2194 1332 2233 inminenti
1355 2193 1533 2245 aliquam
1557 2195 1729 2233 domum

61 2271 81 2304 -l
108 2262 353 2302 subtrahat?
407 2263 640 2302 maximum
674 2277 775 2315 ergo
809 2263 1007 2302 solacium
1042 2270 1105 2302 est
1138 2264 1322 2315 cogitare
1355 2264 1393 2302 id
1423 2265 1499 2303 sibi
1522 2265 1731 2312 accidisse,

108 2334 222 2384 quod
266 2346 413 2372 01111165
456 2340 551 2372 ante
593 2347 638 2373 se
670 2335 779 2386 passi
812 2343 903 2373 sunt
937 2348 1168 2386 omnesque
1200 2335 1369 2387 passuri.
1432 2342 1472 2374 et
1505 2336 1600 2374 ideo
1634 2336 1730 2374 mihi

109 2405 271 2444 uidetur
314 2418 449 2443 rerum
484 2411 650 2452 natura,
693 2407 807 2456 quod
841 2406 1131 2457 grauissimum
1165 2405 1280 2453 fecit,
1323 2419 1545 2444 commune
1579 2406 1731 2453 secisse,
1752 2417 1784 2441 τι»

109 2481 152 2513 111
185 2475 475 2514 crudelitatem
507 2474 577 2514 fati
610 2475 896 2515 consolaretur
928 2476 1166 2528 aequalitas.

260 2604 266 2635 l
305 2604 364 2635 nfe
395 2603 424 2637 B
449 2604 475 2634 si
502 2605 544 2636 sie
571 2602 603 2637 D
628 2605 653 2635 si
680 2605 742 2634 11116
769 2605 825 2644 (m.
855 2604 887 2645 2)
918 2602 953 2637 E
1094 2616 1126 2635 rc
1151 2605 1267 2646 dignas
1294 2603 1327 2637 B
1479 2605 1499 2638 3
1535 2605 1672 2636 fecerunt
1702 2603 1732 2637 Ι)

110 2661 241 2692 fecerint
269 2661 339 2695 BE
455 2662 475 2695 4
510 2663 610 2694 multo
638 2661 752 2707 Neap.
781 2663 879 2693 multa
909 2661 1013 2696 ΒΙΙΕ
1143 2663 1162 2693 ἶ)
1197 2674 1353 2694 annorum
1382 2674 1536 2694 annorum
1570 2662 1598 2696 B

110 2731 129 2765 9
165 2733 300 2774 antiquis
328 2731 360 2766 B
483 2732 525 2766 ’10
558 2744 641 2764 nune
669 2732 738 2766 DE
760 2722 829 2764 mic?
855 2731 883 2765 B
1016 2734 1052 2766 12
1087 2734 1180 2764 allius
1206 2731 1372 2766 Muretus
1399 2734 1485 2764 aliud
1513 2735 1603 2764 altius
1634 2733 1736 2767 15²!AE

276 2791 318 2824 ‘19
351 2791 433 2822 orfiis
467 2797 507 2824 asi
533 2803 566 2823 se
601 2793 684 2833 passi
719 2796 787 2822 sunt
815 2791 920 2832 ‹nfisq3
958 2793 1079 2833 passuri
1111 2791 1140 2824 B
1166 2797 1238 2823 aute
1271 2803 1304 2823 se
1338 2794 1421 2833 passi
1454 2797 1523 2823 sunl
1558 2804 1732 2833 omnesque

110 2851 232 2891 passuri
261 2848 329 2884 DE
447 2850 491 2883 ΩΟ
518 2851 591 2882 fecit
621 2849 671 2883 El
701 2851 819 2882 fecerat
850 2849 952 2883 ΗΒΕ
