1977 3231
318 141 421 166 DIAL.
444 141 494 167 XI.
534 140 586 165 Al)
611 140 788 165 HELVIAM
810 139 980 165 MA'l'RFIM
1005 139 1056 164 DE
1077 137 1396 164 CONSOLATIONE.
1440 139 1477 164 15.
1503 131 1542 164 lli.
1653 140 1734 177 ‘2ss5

118 239 226 278 uicto
280 238 411 276 acrius
464 244 525 276 est
578 237 946 288 congrediendum.
1009 249 1092 274 non
1145 249 1199 273 ex
1249 236 1404 274 intacto
1447 246 1623 286 corpore
1665 239 1737 272 tuo

116 309 281 360 sanguis
314 309 378 347 hic
410 307 555 347 fluxit:
592 322 664 360 per
698 309 805 360 ipsas
839 307 1047 346 cicatrices
1080 320 1272 358 percussa
1306 319 1359 344 es.

235 379 350 418 XVI.
414 379 509 418 Non
553 385 615 417 est
657 379 772 430 quod
817 378 940 416 utaris
984 377 1255 415 excusatione
1299 375 1506 414 muliebris
1550 374 1737 421 nominis,

117 450 180 489 cui
221 463 354 502 paene
397 462 641 488 concessum
686 454 747 487 est
793 448 1099 486 inmoderatum
1145 447 1182 485 in
1217 447 1404 485 lacrimas
1437 446 1520 493 ius,
1565 458 1647 484 non
1681 445 1735 483 in-

118 533 307 560 mensum
341 526 493 559 tamen.
538 527 578 559 et
610 520 705 558 ideo
740 519 917 557 maiores
949 518 1096 556 decem
1131 530 1321 555 mensum
1355 517 1532 568 spatium
1565 515 1737 567 lugenti-

117 591 194 630 bus
225 591 336 630 uiros
369 592 596 637 dederunt,
640 596 683 629 ut
722 602 815 628 cum
849 589 1073 640 pertinacia
1105 587 1314 626 muliebris
1348 587 1545 626 maeroris
1577 585 1740 637 publica

117 662 412 701 constitutione
456 662 706 700 deciderent.
769 673 851 698 non
896 658 1196 711 prohibuerunt
1236 657 1389 704 luctus,
1433 658 1506 695 sed
1539 656 1738 695 finierunt.

118 746 213 771 nam
247 738 287 772 et
319 732 476 770 infinito
509 730 676 777 dolore,
711 743 803 769 cum
838 729 1016 780 aliquem
1051 742 1104 767 ex
1138 728 1354 767 carissimis
1387 728 1587 774 amiseris⁷
1621 726 1740 766 adfici

117 803 242 842 stulta
285 802 539 853 indulgentia
581 807 664 848 est,
708 807 749 839 et
781 799 893 839 nullo
926 799 1148 838 inhumana
1182 798 1351 837 duritia:
1400 799 1605 850 optimum
1639 798 1741 836 inter

117 874 316 926 pietatem
350 879 390 911 et
423 873 627 911 rationem
662 875 1042 922 temperamentum
1076 875 1138 908 θεῖ
1171 875 1213 907 θῖ
1244 869 1395 907 sentire
1427 868 1675 906 desiderium
1700 873 1740 906 et

71 956 88 984 ⁴.
119 944 366 997 opprimere.
429 956 513 982 non
546 948 608 981 est
640 943 754 994 quod
787 942 839 980 ad
873 941 1078 992 quasdam
1110 939 1283 978 feminas
1316 939 1528 991 respicias,
1567 952 1739 989 quarum

119 1015 324 1054 tristitiam
377 1013 507 1053 semel
557 1019 768 1064 sumptam
821 1025 935 1050 mors
987 1011 1125 1049 finiuit.
1199 1010 1307 1049 nosti
1360 1010 1583 1067 quasdam,
1636 1022 1742 1060 quae

119 1085 277 1125 amissis
309 1084 397 1123 filiis
429 1085 608 1136 inposita
639 1083 828 1135 lugubria
860 1095 1087 1134 numquam
1122 1087 1347 1120 exuerunt:
1385 1094 1408 1118 a
1438 1086 1478 1118 te
1501 1079 1591 1131 plus
1614 1080 1743 1130 exigit

120 1158 202 1196 uita
243 1156 296 1196 ab
339 1156 451 1195 initio
495 1154 650 1194 fortior.
712 1167 797 1192 non
836 1159 974 1205 potest
1015 1152 1223 1191 muliebris
1256 1151 1471 1190 excusatio
1504 1151 1742 1202 contingere

73 1234 91 1265 1‘
120 1228 166 1274 ei,
199 1241 223 1266 a
254 1240 335 1279 qua
367 1227 507 1265 onmia
540 1225 755 1264 muliebria
788 1225 883 1263 uitia
915 1223 1112 1263 afuerunt.
1167 1236 1251 1261 non
1275 1228 1315 1261 te
1339 1221 1569 1261 maximum
1593 1221 1740 1261 saeculi
1782 1230 1796 1253 ἰ»

121 1297 297 1345 malum,
339 1297 596 1349 inpudicitia,
640 1297 678 1335 in
722 1309 940 1334 numerum
974 1294 1148 1346 plurium
1183 1294 1371 1334 adduxit.
1434 1306 1517 1331 non
1550 1306 1743 1343 gemmae

120 1375 181 1416 te,
224 1382 308 1408 non
351 1368 600 1419 mar-garitae
642 1367 860 1406 flexerunt.
923 1379 1006 1404 non
1048 1365 1122 1404 tibi
1163 1365 1329 1404 diuitiae
1369 1363 1479 1402 uelut
1512 1363 1741 1402 maximum

120 1439 281 1491 generis
323 1438 493 1478 humani
535 1438 693 1477 bonum
736 1436 991 1476 refulserunt.
1054 1449 1137 1474 non
1179 1441 1242 1483 te,
1285 1435 1393 1474 bene
1435 1435 1473 1472 in
1505 1434 1671 1485 antiqua
1703 1439 1744 1472 et

120 1523 266 1549 seuera
297 1510 523 1548 institutam
557 1510 709 1556 domo,
753 1507 982 1561 periculosa
1015 1507 1139 1546 etiam
1173 1505 1316 1558 probis
1349 1505 1535 1556 peiorum
1571 1504 1744 1543 detorsit

119 1581 304 1620 imitatio.
348 1594 574 1632 numquam
608 1586 649 1618 te
681 1579 942 1618 fecunditatis
975 1584 1082 1625 tuae,
1114 1577 1230 1628 quasi
1253 1576 1529 1628 exprobraret
1551 1580 1743 1621 aetatem,

120 1651 276 1704 puduit.
339 1664 566 1703 numquam
611 1664 727 1690 more
759 1650 951 1697 aliarum,
995 1648 1143 1700 quibus
1177 1648 1312 1687 omnis
1344 1646 1658 1686 commendatio
1691 1659 1744 1684 ex

122 1721 255 1761 forma
306 1723 476 1774 petitur,
527 1727 831 1760 tumescentem
886 1726 1049 1759 uterum
1093 1718 1348 1758 abscondisti
1391 1718 1506 1769 quasi
1550 1717 1745 1755 indecens

84 1797 90 1803 '
120 1806 236 1840 onus,
268 1806 345 1832 nec
376 1793 481 1831 intra
513 1793 669 1831 uiscera
701 1798 771 1830 tua
804 1797 1029 1842 conceptas
1061 1803 1157 1841 spes
1190 1788 1415 1827 liberorum
1449 1787 1597 1826 elisisti.
1662 1800 1744 1825 non

121 1863 266 1902 faciem
300 1863 507 1902 coloribus
539 1876 587 1901 ac
618 1862 827 1901 lenociniis
849 1861 1042 1914 polluisti.
1085 1873 1313 1912 numquam
1338 1859 1411 1898 tibi
1434 1858 1585 1911 placuit
1610 1857 1744 1904 uestis,

120 1947 226 1986 quae
258 1933 354 1972 nihil
386 1933 561 1986 amplius
593 1934 780 1980 nudaret,
814 1946 906 1972 cum
940 1937 1185 1984 poneretur:
1223 1931 1387 1969 unicum
1421 1930 1494 1968 tibi
1524 1941 1742 1967 ornamen-

120 2010 231 2052 tum,
269 2004 544 2056 pulcherrima
577 2010 618 2043 et
650 2003 746 2042 nulli
778 2003 964 2042 obnoxia
996 2003 1120 2042 aetati
1154 2002 1308 2047 forma,
1353 2001 1585 2040 maximum
1620 2000 1745 2037 decus

76 2080 86 2097 ἶ
123 2076 210 2114 uisa
261 2081 323 2114 est
375 2074 577 2126 pudicitia.
641 2087 725 2113 non
778 2080 900 2126 potes
952 2074 1090 2125 itaque
1138 2074 1193 2111 acl
1236 2071 1510 2124 optinendum
1554 2070 1743 2109 dolorem

121 2145 321 2185 muliebre
353 2158 506 2183 nomen
540 2145 833 2196 praetendere,
867 2157 919 2182 ex
954 2157 1037 2195 quo
1071 2149 1112 2182 te
1146 2143 1317 2182 uirtutes
1350 2148 1446 2181 tuae
1477 2141 1744 2180 seduxerunt.

121 2222 282 2256 tantum
316 2215 446 2254 debes
479 2229 503 2254 a
534 2214 776 2254 feminarum
810 2213 986 2254 lacrimis
1019 2214 1187 2261 abesse,
1221 2219 1423 2265 quantum
1456 2225 1482 2250 a
1515 2212 1631 2250 uitiis.
1694 2224 1745 2249 ne

122 2286 298 2325 feminae
329 2287 498 2337 quidem
537 2292 578 2324 te
610 2285 743 2324 sinent
775 2285 1033 2324 intabescere
1067 2283 1224 2323 uolneri
1255 2289 1339 2330 tuo,
1373 2283 1449 2322 sed
1482 2282 1559 2321 leni
1593 2295 1640 2320 ac
1673 2295 1741 2320 ne-

122 2357 299 2396 cessario
333 2370 521 2395 maerore
553 2356 636 2395 cito
670 2355 908 2395 defunctam
942 2355 1143 2394 iubebunt
1175 2367 1397 2405 exurgere,
1430 2353 1624 2399 simodo
1659 2351 1744 2390 illas

122 2533 141 2565 3
169 2516 368 2564 excusationc
388 2531 584 2576 (suprascr.
596 2531 722 2575 m.pr.)
813 2516 951 2561 nominib
963 2538 1163 2575 (suprascr.
1175 2529 1301 2574 nuptu)
1402 2528 1470 2562 lius
1481 2527 1691 2561 Pincianus:
1714 2523 1744 2569 “l

249 2626 268 2658 (j
301 2626 435 2657 meroris
461 2625 591 2667 publiea
619 2626 652 2667 (b
680 2624 713 2657 in
742 2626 831 2667 ras.)
979 2625 1025 2659 ,1ῐῖ
1062 2625 1120 2654 silis
1250 2625 1414 2665 exsticrunt
1554 2621 1594 2654 15
1629 2606 1743 2652 ‘insuerss

249 2684 284 2716 1⁴.)
312 2685 422 2725 probis
448 2682 661 2717 (lelerl'm'est
693 2684 819 2725 probris
940 2683 983 2715 25»
1011 2695 1082 2714 cum
1107 2686 1277 2724 poneretur
1295 2681 1456 2726 Lipsius:
1487 2684 1743 2722 compsmerelur.

236 2748 321 2787 post
346 2747 568 2774 ornamentum
595 2741 820 2787 interpunxit
847 2740 1011 2776 Sclwle‘us
1131 2740 1174 2773 ⁴27
1211 2745 1301 2783 potes
1329 2742 1353 2782 (t
1376 2745 1458 2785 post
1476 2752 1489 2770 s
1508 2737 1625 2775 erasa)

123 2800 167 2835 28
200 2802 388 2843 pretendere
536 2801 580 2834 29
615 2812 633 2831 a
659 2802 743 2832 uitiis
770 2799 985 2835 deteriores:
1015 2801 1108 2831 uitiis.
1240 2799 1283 2833 30
1318 2801 1379 2831 leni
1407 2811 1444 2830 ac
1476 2798 1614 2832 llaasc:
1646 2798 1745 2828 leuior

240 2860 280 2892 31
311 2870 435 2891 merore

1763 877 1794 902 10

1765 1582 1797 1606 ’.Ὀ

1765 1934 1798 1957 25

1765 2293 1797 2315 30
