2008 3236
237 134 320 175 282
520 131 625 157 DIAL.
643 131 708 159 XII.
746 131 800 156 AD
820 130 1022 157 POLYBIVM
1045 131 1096 156 DE
1118 129 1438 156 CONSOLATIONE.
1481 130 1576 157 10.11.

234 235 381 268 natura
422 228 533 268 illum
576 227 651 268 tibi
693 229 796 268 sicut
838 228 984 268 ceteris
1023 227 1215 267 fratribus
1247 240 1345 267 suos
1377 240 1461 266 non
1494 226 1699 279 mancipio
1732 227 1860 275 dedit,

234 301 309 339 sed
342 299 651 339 commodauit:
700 313 794 339 cum
828 300 959 339 uisum
994 305 1056 338 est
1088 298 1257 346 deinde,
1289 298 1450 350 repetiit
1483 311 1559 336 nec
1590 303 1704 337 tuam
1737 298 1776 336 in
1809 311 1860 337 eo

233 372 470 410 satietatem
503 376 644 412 secuta
675 377 749 418 est,
781 371 854 410 sed
887 383 1004 410 suam
1037 369 1187 421 legem.
1241 370 1273 408 si
1305 369 1394 421 quis
1418 368 1634 421 pecuniam
1658 368 1859 408 creditam
1887 386 1897 409 a

234 441 405 481 soluisse
448 455 492 480 se
526 440 702 481 moleste
734 440 860 489 ferat,
903 454 996 480 eam
1028 440 1294 493 praesertim,
1338 439 1449 478 cuius
1483 452 1601 478 usum
1634 439 1860 490 gratuitum

199 512 459 564 5acceperit,
502 525 641 551 nonne
682 512 853 551 iniustus
895 512 954 551 uir
994 510 1224 550 habeatur?
1288 511 1404 550 dedit
1446 515 1593 549 natura
1635 509 1746 548 fratri
1787 515 1860 548 tuo

185 874 213 899 10

185 1228 214 1252 15

186 1581 219 1606 ’20

234 584 382 630 uitam,
427 583 542 622 dedit
585 589 626 622 et
657 583 755 622 tibi:
803 596 910 635 quae
942 596 1017 621 suo
1050 584 1134 621 iure
1167 595 1260 629 usa,
1304 594 1327 620 a
1359 594 1442 633 quo
1477 580 1628 628 uoluit,
1671 579 1860 620 debitum

234 668 353 694 suum
387 655 503 693 citius
536 654 688 705 exegit.
751 667 836 693 non
867 653 934 692 illa
964 654 1004 692 in
1034 652 1155 704 culpa
1183 658 1257 700 est,
1291 652 1403 691 cuius
1425 658 1526 691 nota
1550 657 1637 690 erat
1659 651 1861 698 condicio,

233 726 308 764 sed
351 724 538 764 mortalis
570 725 693 764 animi
725 738 820 777 spes
853 725 995 772 auida,
1038 737 1145 776 quae
1177 723 1374 770 subinde,
1418 723 1516 775 quid
1548 735 1684 761 rerum
1716 727 1862 761 natura

233 796 294 843 sit,
340 795 593 835 obliuiscitur
635 809 711 835 nec
755 809 954 847 umquam
998 795 1120 834 sortis
1162 807 1260 834 suae
1302 793 1509 841 meminit,
1552 792 1627 832 nisi
1660 806 1752 832 cum
1787 793 1859 831 ad-

234 872 439 906 monetur.
502 867 641 918 gaude
683 867 822 918 itaque
854 865 1046 905 habuisse
1079 871 1121 905 te
1152 870 1239 904 tarn
1272 864 1430 904 bonum
1464 863 1632 903 fratrem
1668 868 1860 902 etusum

233 937 494 990 fructumque
537 938 644 985 eius,
687 938 876 989 quamuis
919 937 1085 976 breuior
1127 942 1228 975 uoto
1261 941 1334 975 tuo
1367 934 1506 983 fuerit,
1549 934 1649 974 boni
1670 921 1860 974 consule.

235 1009 373 1061 cogita
395 1008 732 1048 iucundissimum
756 1021 857 1054 esse,
884 1008 998 1060 quod
1021 1006 1210 1055 habuisti,
1235 1006 1472 1053 humanum,
1497 1006 1612 1058 quod
1635 1004 1862 1057 perdidisti.

234 1093 310 1119 nec
342 1081 450 1119 enim
486 1080 705 1131 quicquam
740 1080 874 1118 minus
906 1079 1010 1118 inter
1032 1091 1077 1118 se
1099 1084 1426 1118 consentaneum
1450 1083 1512 1116 est
1535 1089 1659 1129 quam
1683 1075 1862 1128 aliquem

235 1151 411 1199 moueri,
454 1151 570 1203 quod
601 1150 677 1190 sibi
710 1149 801 1189 talis
834 1149 959 1189 frater
991 1163 1136 1202 parum
1173 1149 1241 1188 diu
1275 1149 1516 1200 contigerit,
1549 1161 1633 1187 non
1666 1147 1861 1199 gaudere,

235 1222 351 1275 quod
383 1228 525 1261 tamen
559 1222 792 1273 contigerit.

354 1292 424 1333 XI.
477 1293 540 1333 At
583 1292 811 1345 inopinanti
854 1297 1020 1344 ereptus
1054 1298 1125 1331 est.
1190 1304 1263 1330 sua
1295 1303 1504 1343 quemque
1536 1288 1756 1329 credulitas
1789 1289 1859 1328 de-

235 1365 331 1416 cipit
365 1370 405 1403 et
437 1365 475 1403 in
511 1364 590 1413 eis,
622 1377 727 1416 quae
762 1362 903 1415 diligit,
937 1362 1168 1402 uoluntaria
1200 1361 1464 1401 mortalitatis
1499 1360 1680 1400 obliuio:
1717 1366 1863 1400 natura

234 1435 330 1475 nulli
362 1449 406 1474 se
438 1435 696 1474 necessitatis
729 1447 827 1473 suae
857 1434 1033 1486 gratiam
1062 1433 1262 1473 facturam
1295 1446 1386 1472 esse
1408 1437 1561 1472 testata
1584 1437 1657 1471 est.
1711 1431 1863 1471 cotidie

236 1512 400 1560 praeter
449 1505 593 1546 oculos
636 1511 802 1545 nostros
844 1510 1060 1544 transeunt
1102 1509 1299 1544 notorum
1342 1504 1668 1555 ignotorumque
1709 1501 1862 1543 funera.

240 1591 316 1617 nos
348 1583 490 1617 tamen
522 1576 631 1616 aliud
664 1577 825 1628 agimus
858 1581 898 1615 et
931 1575 1113 1615 subitum
1147 1576 1188 1615 id
1221 1580 1414 1628 putamus
1448 1587 1556 1622 esse,
1595 1574 1709 1626 quod
1741 1573 1862 1613 nobis

235 1655 326 1688 tota
357 1649 442 1688 uita
473 1648 738 1688 denuntiatur
769 1647 962 1687 futurum.
1025 1661 1110 1686 non
1143 1652 1205 1686 est
1238 1646 1376 1698 itaque
1407 1646 1484 1685 ista
1515 1644 1696 1685 fatorum
1719 1644 1861 1697 iniqui-

235 1728 309 1768 tas,
342 1720 418 1759 sed
451 1720 602 1758 mentis
634 1718 841 1758 humanae
873 1719 1056 1771 prauitas
1088 1717 1326 1757 insatiabilis
1358 1730 1495 1756 rerum
1525 1715 1722 1762 omnium,
1755 1728 1863 1767 quae

235 1791 472 1843 indignatur
504 1790 599 1829 inde
632 1790 757 1837 exire,
790 1803 875 1841 quo
907 1789 1090 1828 admissa
1122 1794 1185 1828 est
1218 1787 1413 1841 precario.
1479 1784 1578 1842 [30]
1618 1791 1776 1838 quanto
1799 1784 1863 1825 ille

236 1862 388 1909 iustior,
420 1861 488 1913 qui
520 1861 706 1900 nuntiata
737 1860 805 1900 filii
838 1866 974 1900 morte
1008 1860 1178 1912 dignam
1212 1872 1368 1911 magno
1401 1859 1488 1898 uiro
1521 1870 1670 1897 uocem
1704 1857 1861 1897 emisit:

183 1940 206 1960 '-·
237 1946 318 1985 ego
351 1945 446 1971 cum
479 1932 613 1984 genui,
647 1938 735 1971 tum
769 1931 1014 1970 moriturum
1048 1931 1156 1970 sciui.
1218 1943 1388 1983 prorsus
1421 1943 1504 1968 non
1528 1928 1684 1968 mireris
1707 1941 1761 1967 ex
1784 1926 1865 1967 hoc

237 2009 381 2043 natum
414 2016 515 2050 esse,
548 2002 616 2055 qui
648 2001 809 2042 fortiter
838 2002 943 2041 mori
971 2007 1125 2054 posset.
1179 2014 1263 2041 non
1285 2001 1444 2053 accepit
1466 2006 1682 2052 tamquam
1705 2012 1863 2038 nouum

238 2075 425 2114 nuntium
468 2073 535 2112 filii
579 2078 788 2113 mortem:
835 2073 934 2125 quid
967 2078 1031 2112 est
1063 2073 1172 2112 enim
1206 2073 1303 2112 noui
1334 2072 1548 2111 hominem
1582 2071 1708 2119 mori,
1752 2069 1864 2109 cuius

237 2152 329 2185 tota
371 2145 455 2184 uita
496 2143 592 2183 nihil
632 2143 742 2184 aliud
775 2157 900 2196 quam
934 2144 987 2183 ad
1022 2149 1202 2183 mortem
1236 2143 1312 2183 iter
1344 2144 1435 2182 est?
1488 2155 1570 2193 ego
1602 2154 1697 2181 cum
1730 2140 1864 2193 genui,

241 2298 255 2330 l
284 2298 344 2329 sibi
374 2295 478 2330 BDE
642 2297 754 2328 ceteris
788 2297 937 2327 fratribus
970 2306 1043 2327 suos
1072 2293 1176 2329 BDE
1198 2295 1311 2326 ceteris
1337 2295 1449 2326 fratres
1474 2305 1548 2326 suos
1573 2291 1724 2337 Madm‘q

237 2357 402 2398 mancipio
430 2355 627 2390 omiserunt
655 2353 724 2389 DE
842 2355 861 2387 2
889 2355 1007 2386 deinde
1033 2355 1147 2396 repetit
1174 2352 1207 2386 Β
1233 2354 1273 2385 de
1299 2355 1364 2385 iure
1391 2354 1503 2395 repetit
1533 2351 1601 2386 DE
1718 2352 1738 2385 ὃ
1764 2352 1864 2383 habe-

239 2456 286 2483 tur
313 2449 384 2484 DE
515 2453 534 2484 Ο
568 2462 628 2492 que
654 2462 710 2482 suo
738 2422 800 2482 uirte
827 2461 881 2481 usa
908 2454 979 2491 sunt
1010 2448 1040 2482 B
1066 2460 1127 2490 que
1152 2460 1209 2480 suo
1237 2450 1303 2480 iure
1328 2460 1384 2480 usa
1410 2449 1465 2479 suit
1494 2446 1525 2481 D
1550 2459 1610 2489 que
1636 2459 1692 2477 suo
1720 2448 1784 2477 iure
1809 2457 1864 2476 usu

239 2512 294 2542 suit
323 2509 358 2543 Ε
500 2513 519 2541 tl
552 2520 610 2541 nee
639 2520 798 2551 nunquam
830 2508 896 2542 DE
1058 2519 1130 2540 cum
1151 2513 1237 2552 post
1264 2508 1323 2539 nisi
1350 2506 1479 2541 omittit
1507 2505 1538 2539 E
1699 2506 1739 2539 10
1774 2516 1862 2536 usum

239 2571 373 2601 fructum
402 2567 437 2602 E
562 2569 592 2601 11
633 2568 733 2599 leuior
761 2567 792 2601 D
919 2569 956 2601 12
992 2567 1256 2599 iocundissimum
1284 2565 1353 2600 BD
1481 2566 1517 2598 13
1545 2565 1686 2606 aliquam
1714 2562 1747 2596 B

244 2629 282 2661 1⁴3
309 2630 352 2659 At
378 2629 558 2669 inoppinati
580 2626 610 2660 I)
636 2633 666 2658 al
694 2628 896 2669 inoppinanti
917 2625 951 2660 E
1068 2637 1226 2668 quemque
1246 2624 1358 2670 Neap.
1386 2636 1509 2667 queque
1527 2622 1598 2657 DE
1619 2624 1812 2665 quamloqut¹
1836 2621 1865 2655 Β

386 2687 425 2719 io'
461 2692 506 2718 cst
529 2691 611 2731 post
638 2691 751 2717 testata
778 2686 904 2720 omz'CIc'l
930 2679 966 2719 sb
1113 2686 1151 2718 21
1192 2686 1298 2726 itaque
1325 2685 1481 2715 sactorum
1510 2684 1659 2725 iniquitas
1687 2681 1720 2715 Ε

240 2747 283 2779 :223
312 2747 385 2777 inde
412 2747 496 2777 exire
522 2758 585 2787 quo
613 2744 734 2779 Haase
760 2746 833 2777 inde
860 2747 999 2776 eximere
1025 2756 1088 2786 quo
1107 2743 1178 2778 DE
1201 2745 1274 2775 inde
1300 2745 1439 2775 eximere
1464 2743 1551 2784 quod
1574 2741 1603 2774 B
1724 2742 1865 2773 admissa

239 2806 384 2847 precatio
413 2803 444 2838 D
593 2805 636 2838 ⁴35»
672 2816 743 2836 cum
776 2805 870 2846 genui
904 2808 969 2835 tum
998 2803 1110 2848 Neap.
1139 2815 1209 2835 cum
1237 2803 1336 2844 geniti
1363 2809 1428 2834 tum
1456 2801 1490 2835 B
1515 2813 1587 2834 cum
1614 2801 1708 2843 genui
1735 2812 1805 2831 eum
1834 2797 1866 2833 I)

240 2876 311 2895 cuni
341 2865 458 2906 ingenii
487 2870 591 2895 lamen
621 2862 655 2897 Ε
771 2862 816 2897 28
842 2874 912 2894 cum
940 2864 1025 2906 genii
1053 2869 1117 2894 tum
1145 2861 1179 2895 Ε

1889 1794 1910 1827 10
