1977 3231
71 235 90 267 5

61 1788 82 1821 (Q

463 133 760 159 CONTVMELIAM
786 132 985 158 ACCIPERE
1014 132 1251 159 SAPIENTEM.
1276 133 1308 160 V.
1334 133 1383 160 VI.
1682 138 1730 175 21

118 244 235 271 casus
268 231 477 276 indurata,
511 235 555 268 ut
587 243 638 267 ne
671 228 849 268 inclinari
881 230 1073 281 quidem,
1115 230 1269 268 nedum
1311 229 1414 268 uinci
1447 228 1588 281 possit.
1664 230 1734 269 ad-

117 314 258 340 uersus
302 302 526 353 adparatus
569 299 809 339 terribilium
853 305 987 339 rectos
1020 299 1174 344 *oculos
1207 305 1341 346 tenet,
1385 298 1480 338 nihil
1523 313 1577 338 ex
1622 299 1736 339 uoltu

117 377 261 419 mutat,
294 371 380 410 siue
412 370 463 409 illi
497 371 600 409 dura
631 370 717 409 siue
749 371 931 409 secunda
963 376 1235 409 ostentantur.
1289 370 1428 422 itaque
1460 369 1556 409 nihil
1588 371 1736 422 perdet

115 442 231 494 quod
273 441 404 494 perire
447 454 639 480 sensurus
681 440 742 479 sit.
805 441 920 479 unius
953 441 1061 480 enim
1105 441 1142 479 in
1177 440 1438 492 possessione
1471 440 1629 480 uirtutis
1662 447 1735 488 est,

115 526 169 551 ex
212 524 295 563 qua
337 510 484 563 depelli
528 525 753 562 numquam
797 516 948 563 potest.
1012 511 1158 550 ceteris
1214 510 1398 562 precario
1442 511 1591 550 utitur:
1647 512 1770 563 quis5

115 588 254 621 autem
298 582 453 621 iactura
497 588 688 620 mouetur
729 581 874 620 alieni?
917 581 1065 633 quodsi
1098 581 1239 620 iniuria
1270 580 1366 619 nihil
1398 580 1563 620 laedere
1596 588 1735 634 potest

116 666 170 691 ex
202 652 264 691 his
296 665 403 703 quae
437 653 603 705 propria
635 652 829 704 sapientis
861 658 977 700 sunt,
1021 651 1116 703 quia
1160 651 1308 691 uirtute
1340 651 1453 691 salua
1485 651 1598 691 salua
1629 658 1734 699 sunt,

115 722 255 762 iniuria
297 723 469 775 sapienti
512 737 594 761 non
627 728 767 775 potest
799 722 896 762 fieri.
961 722 1135 773 Megara
1165 721 1405 761 Demetrius
1442 728 1629 774 ceperat,
1673 723 1733 761 eui

114 807 351 845 cognomen
391 794 644 833 Poliorcetes
687 792 770 832 fuit.
831 793 884 832 ab
927 793 1008 832 hoc
1040 792 1205 832 Stilbon
1247 792 1519 846 philosophus
1561 794 1732 832 interro-

113 869 250 916 gatus,
284 850 382 903 num
415 864 567 916 aliquid
599 863 868 916 perdidisset,
912 863 1027 912 nihil,
1061 864 1206 915 inquit,
1269 865 1409 902 omnia
1443 877 1536 902 mea
1569 877 1730 902 mecum
1758 872 1786 896 ¹0

111 940 217 974 sunt.
280 935 391 986 atqui
431 940 470 973 et
524 934 818 986 patrimonium
872 935 956 973 eius
1003 934 1043 972 in
1085 935 1285 986 praedam
1329 939 1507 973 cesserat
1550 940 1591 972 et
1634 933 1733 973 filias

112 1011 304 1057 rapuerat
337 1003 467 1044 hostis
500 1010 541 1043 et
574 1005 706 1057 patria
738 1004 776 1042 in
809 1004 981 1044 alienam
1017 1005 1222 1044 dicionem
1246 1010 1494 1056 peruenerat
1525 1010 1565 1044 et
1599 1005 1731 1057 ipsum

112 1089 186 1114 rex
220 1074 486 1114 circumfusus
510 1075 675 1114 uictoris
699 1075 905 1114 exercitus
928 1076 1050 1114 armis
1084 1089 1137 1114 ex
1161 1075 1371 1127 superiore
1392 1067 1731 1125 loco'rogitabat.

111 1151 153 1184 at
184 1144 249 1184 ille
273 1145 485 1183 uictoriam
518 1144 571 1183 illi
593 1145 777 1184 excussit
809 1151 850 1184 et
882 1159 926 1184 se
956 1145 1057 1184 urbe
1091 1150 1213 1197 capta
1245 1159 1328 1183 non
1352 1145 1546 1184 inuictum
1570 1151 1732 1185 tantum

110 1216 185 1254 sed
218 1215 458 1254 indemnem
492 1229 582 1255 esse
614 1221 789 1255 testatus
823 1221 895 1255 est.
948 1214 1134 1255 habebat
1167 1216 1274 1255 enim
1305 1229 1402 1254 uera
1433 1230 1573 1255 secum
1607 1216 1731 1264 bona,
1756 1230 1785 1255 ις)

109 1286 148 1325 in
181 1299 287 1338 quae
319 1299 403 1324 non
437 1291 499 1325 est
531 1299 676 1325 manus
709 1285 881 1325 iniectio.
931 1292 973 1325 at
1005 1300 1112 1337 quae
1135 1286 1331 1338 dissipata
1363 1292 1403 1325 et
1436 1287 1597 1339 direpta
1630 1286 1730 1326 fere-

110 1356 280 1404 bantur,
332 1369 416 1395 non
459 1356 668 1395 iudicabat
710 1370 805 1404 sua,
858 1357 932 1395 sed
976 1356 1209 1396 aduenticia
1253 1362 1294 1395 et
1345 1363 1491 1396 nutum
1544 1357 1732 1397 fortunae

109 1426 334 1478 sequentia.
396 1427 491 1466 ideo
534 1432 578 1465 ut
609 1441 694 1465 non
736 1427 903 1479 propria
936 1426 1148 1466 dilexerat.
1213 1427 1400 1466 omnium
1433 1427 1542 1466 enim
1576 1429 1728 1466 extrin-

111 1511 228 1536 secus
261 1496 531 1536 adfluentium
563 1496 719 1536 lubrica
751 1503 793 1537 et
825 1497 981 1537 incerta
1012 1498 1220 1550 possessio
1254 1503 1327 1537 est.

227 1567 298 1606 VI.
333 1566 483 1619 Cogita
524 1581 653 1615 nunc,
702 1581 753 1606 an
797 1568 890 1607 huic
931 1567 993 1607 fur
1035 1573 1105 1607 aut
1147 1567 1420 1607 calumniator
1463 1574 1533 1607 aut
1576 1569 1730 1608 uicinus
1750 1583 1783 1607 20

109 1638 300 1690 inpotens
332 1644 402 1676 aut
435 1637 549 1676 diues
582 1637 725 1689 aliquis
758 1651 933 1689 regnum
966 1638 1096 1677 orbae
1118 1639 1341 1678 senectutis
1365 1652 1564 1678 exercens
1598 1639 1730 1679 facere

109 1708 292 1747 iniuriam
325 1708 466 1759 possit,
501 1709 563 1746 cui
594 1707 749 1747 bellum
783 1716 823 1748 et
855 1708 985 1748 hostis
1022 1708 1088 1748 ille
1121 1710 1333 1761 egregiam
1367 1715 1498 1748 artem
1531 1724 1726 1761 quassan-

109 1779 258 1818 darum
292 1777 452 1817 urbium
486 1778 696 1831 professus
739 1780 895 1831 eripere
934 1779 1030 1818 nihil
1062 1780 1208 1832 potuit.
1271 1780 1375 1819 inter
1408 1780 1607 1819 micantes
1640 1780 1726 1819 ubi-

83 1855 188 1901 'que
221 1848 382 1900 gladios
427 1855 467 1888 et
500 1847 716 1888 militarem
761 1850 801 1888 in
839 1850 981 1902 rapina
1023 1849 1264 1898 tumultum,
1308 1851 1412 1889 inter
1455 1850 1645 1889 flammas
1688 1857 1729 1890 et

107 1919 350 1971 sanguinem
382 1925 650 1971 stragemque
673 1919 857 1972 inpulsae
890 1921 1074 1968 ciuitatis,
1108 1921 1212 1959 inter
1239 1920 1448 1972 fragorem
1471 1920 1726 1973 templorum
1747 1936 1780 1960 25

106 2004 230 2043 super
273 1990 375 2029 deos.
417 2003 514 2029 suos
547 1991 785 2029 cadentium
819 1991 885 2029 uni
917 1991 1075 2031 homini
1106 2004 1192 2043 pax
1225 1990 1308 2030 fuit.
1368 2005 1452 2030 non
1485 1997 1547 2030 est
1579 1991 1728 2043 itaque,

106 2061 221 2113 quod
254 2061 390 2100 audax
421 2060 572 2100 iudices
605 2061 879 2113 promissum,
921 2062 1034 2101 cuius
1067 2062 1160 2109 tibi,
1205 2062 1237 2100 si
1268 2076 1415 2114 parum
1449 2061 1543 2101 fidei
1585 2062 1727 2110 habes,

105 2144 353 2184 sponsorem
375 2131 501 2171 dabo.
545 2132 615 2170 uix
639 2132 747 2171 enim
771 2133 994 2172 credideris
1017 2137 1179 2172 tantum
1208 2132 1411 2171 firmitatis
1444 2133 1483 2171 in
1515 2131 1728 2172 hominem

108 2209 209 2211 i—4
257 2209 354 2211 „sssms-
371 2209 383 2211 „
1110 2213 1229 2243 ¹PSpel‘a

113 2248 122 2280 l
152 2248 299 2278 indm-ata
326 2246 540 2281 Pincianus:
570 2248 695 2279 indurat
818 2250 837 2281 ζ)
865 2249 949 2279 uultu
1070 2250 1089 2279 :3
1116 2250 1214 2280 seoda
1243 2249 1301 2290 (m.
1321 2258 1391 2283 rec.
1410 2250 1609 2293 super-scr.)

144 2328 151 2353 1
408 2302 478 2359 ,plssa

105 2366 124 2395 *5
151 2366 246 2405 edere
376 2364 390 2397 ’Ῑ
421 2375 481 2405 que
507 2367 564 2403 (m.
589 2375 648 2409 pr.
676 2365 873 2409 superscr.)
1029 2366 1118 2396 salua
1152 2366 1240 2396 salua
1275 2364 1394 2407 Koch,
1428 2377 1483 2397 sua
1515 2366 1604 2396 salua
1638 2366 1727 2395 salua

104 2423 264 2468 Lipsius:
293 2435 349 2454 sua
375 2424 463 2454 salua
585 2424 605 2451 Η
632 2424 767 2464 Megara
794 2421 1010 2457 Pincianus:
1040 2425 1209 2466 Megaram
1332 2426 1352 2456 (Λ
1379 2425 1447 2466 poli
1472 2425 1616 2456 hercetes

112 2483 148 2515 11)
179 2470 330 2513 offiiaffia
343 2493 469 2513 mecum
506 2486 701 2526 (superscr.
729 2493 772 2518 m.
793 2483 871 2527 pr.)
1014 2483 1052 2516 1¹3
1080 2484 1242 2515 dicionem
1270 2481 1395 2527 nulqoz
1424 2484 1609 2515 Edicionem

112 2541 146 2573 153
182 2542 312 2572 uictoris
348 2541 448 2582 (uicto
482 2540 518 2574 in
544 2541 632 2583 ras.)
772 2541 809 2573 lli
837 2547 931 2583 atque
966 2543 988 2581 (t
1015 2551 1064 2575 ecc
1091 2542 1110 2572 d
1139 2542 1247 2583 corr.)
1384 2542 1422 2575 IS
1449 2543 1610 2574 delexerat

507 2597 524 2624 i.
540 2598 681 2630 superbus

111 2634 146 2666 10
174 2635 338 2666 affluentisl
452 2634 489 2667 721
523 2635 682 2676 impotens
709 2636 766 2673 (m.
793 2645 862 2669 rec.
888 2636 1087 2679 superscrssl
1201 2636 1244 2668 “253
1271 2640 1301 2667 et
1329 2637 1429 2667 hostis
1457 2636 1509 2666 ille
1537 2635 1668 2679 Ncap.:
1698 2641 1727 2666 et

103 2693 204 2723 hostis
230 2697 260 2724 et
287 2694 339 2724 ille
459 2694 503 2726 ‘242
530 2704 603 2724 suos
629 2692 732 2727 habuc
759 2693 836 2727 cod.
865 2692 964 2738 qnod
989 2704 1067 2727 cum
1095 2692 1306 2728 detrimento
1331 2694 1527 2728 senlemc'ae
1552 2694 1725 2727 omittitur

98 2767 107 2771 -
1136 2750 1202 2775 fidei
1224 2750 1365 2776 iussorem

104 2796 125 2818 a
150 2785 331 2819 nonnullis
428 2787 466 2819 *Ξῖ
498 2787 600 2818 habes
627 2786 840 2821 mummius:
871 2789 978 2819 habeo
1077 2789 1120 2821 20·
1147 2798 1334 2828 sponsorem
1364 2795 1420 2827 (xm.
1441 2798 1510 2822 ree.
1529 2796 1723 2831 svpetxecr.)

221 2845 394 2877 credideris
421 2844 521 2879 Koch
547 2845 652 2885 (conl.
673 2845 717 2880 cle
734 2846 791 2879 ira
819 2849 848 2886 2,
870 2848 924 2886 36,
946 2850 1001 2885 3);
1032 2847 1137 2877 credis
1260 2847 1392 2877 homine
