1977 3231
568 129 671 156 DIAL.
694 129 742 158 lV.
782 130 835 156 DE
856 131 923 156 IRA
944 130 1016 159 LIB.
1039 132 1076 159 11.
1114 133 1156 159 26.
1177 133 1221 159 27.
1652 139 1703 176 75

82 227 216 267 facere
249 240 374 279 quam
407 226 513 273 fecit,
546 239 623 265 nec
655 227 708 266 ad
741 234 856 266 tuam
889 228 1186 268 contumeliam
1218 242 1364 282 parum
1398 229 1550 269 didicit.
1605 228 1705 268 alius

79 311 164 337 non
196 298 235 336 in
267 296 348 336 hoc
380 302 424 335 ut
454 303 496 335 te
528 296 761 336 offenderet
793 297 898 337 fecit.
941 299 995 337 ad
1027 298 1218 338 ultimum
1250 300 1349 352 quid
1382 305 1445 339 est
1471 301 1704 339 dementius

33 368 54 401 4
79 381 205 420 quam
245 367 370 406 bilem
404 368 444 406 in
477 367 668 407 homines
701 355 919 408 collectam
952 369 992 408 in
1025 382 1089 408 res
1131 369 1369 409 effundere?
1422 371 1535 422 atqui
1567 376 1611 409 ut
1642 369 1705 409 his

29 866 49 899 6

26 1360 45 1392 (ί

78 439 194 478 irasci
227 438 433 477 dementis
466 444 539 486 est,
573 452 680 490 quae
711 439 848 478 anima
880 445 1032 486 carent,
1066 440 1122 478 sic
1154 440 1277 479 mutis
1309 440 1564 488 animalibus,
1597 454 1705 492 quae

77 508 231 548 nullam
273 508 459 547 iniuriam
493 508 613 548 nobis
656 508 823 557 faciunt,
868 510 963 561 quia
1005 509 1111 548 uelle
1151 524 1237 549 non
1277 517 1477 562 possunt:
1524 525 1608 550 non
1642 517 1705 551 est

78 579 187 619 enim
220 579 364 618 iniuria
396 579 470 618 nisi
502 592 526 618 a
558 579 726 619 consilio
759 579 956 632 profecta.
1017 593 1169 619 nocere
1207 581 1346 633 itaque
1377 581 1497 620 nobis
1528 587 1704 634 possunt

77 655 122 689 ut
164 648 315 688 ferrum
359 655 429 688 aut
471 648 591 702 lapis,
633 650 819 689 iniuriam
859 651 1028 702 quidem
1061 650 1196 690 facere
1228 665 1312 690 non
1344 658 1529 704 possunt.
1592 653 1704 705 atqui

78 721 290 760 contemni
330 733 376 759 se
417 721 586 773 quidam
629 726 799 773 putant,
841 721 911 760 ubi
952 722 1076 760 iidem
1121 722 1214 773 equi
1265 722 1546 774 obsequentes
1588 722 1703 762 alteri

77 791 213 842 equiti,
246 789 361 830 alteri
394 797 661 830 contumaces
693 797 800 839 sunt,
832 797 1047 844 tamquam
1081 792 1242 840 iudicio,
1282 805 1366 831 non
1404 794 1703 832 consuetudine

76 867 117 900 et
149 867 238 900 arte
280 861 486 900 tractandi
527 862 734 913 quaedam
778 862 1026 914 quibusdam
1070 862 1319 902 subiectiora
1359 863 1452 902 sint.
1513 864 1627 915 atqui
1658 869 1703 902 ut

74 931 136 970 his
178 932 295 970 irasci
337 931 507 970 stultum
551 938 633 979 est,
697 933 753 971 ita
795 933 932 985 pueris
974 938 1015 972 et
1067 946 1151 971 non
1193 932 1369 972 multum
1413 948 1437 973 a
1478 947 1701 986 puerorum

74 1002 293 1055 prudentia
341 1002 600 1042 distantibus.
663 1003 803 1042 onmia
844 1004 954 1042 enim
1006 1004 1083 1042 ista
1134 1010 1308 1056 peccata
1359 1005 1470 1056 apud
1522 1018 1701 1056 aequum

74 1073 251 1111 iudicem
283 1085 358 1125 pro
391 1073 626 1112 innocentia
658 1072 815 1112 habent
847 1074 1167 1126 inprudentiam.
1215 1097 1223 1104 ·
1484 1062 1489 1067 ¹

192 1142 368 1182 XXVII.
415 1142 636 1195 Quaedam
679 1150 775 1182 sunt
813 1158 920 1196 quae
957 1157 1110 1183 nocere
1141 1158 1225 1184 non
1257 1151 1432 1197 possunt
1464 1144 1701 1197 nullamque

73 1214 156 1253 uim
188 1214 263 1252 nisi
294 1213 526 1253 beneficam
560 1220 601 1253 et
633 1213 856 1253 salutarem
889 1214 1057 1263 habent,
1090 1220 1135 1253 ut
1167 1215 1209 1254 di
1240 1214 1492 1262 inmortales,
1524 1216 1592 1267 qui
1625 1229 1701 1254 nec

73 1283 218 1323 uolunt
250 1283 401 1323 obesse
432 1297 509 1323 nec
540 1290 728 1336 possunt.
789 1290 936 1324 natura
968 1285 1077 1324 enim
1109 1283 1184 1324 illis
1217 1285 1326 1324 mitis
1359 1290 1401 1324 et
1431 1285 1594 1337 placida
1626 1292 1701 1333 est,

72 1360 159 1394 tam
193 1354 318 1405 longe
350 1360 514 1393 remota
546 1354 600 1393 ab
633 1354 764 1394 aliena
795 1355 935 1394 iniuria
967 1369 1092 1408 quam
1125 1369 1150 1394 a
1181 1369 1265 1395 sua.
1310 1357 1529 1395 dementes
1561 1356 1700 1408 itaque

73 1431 113 1464 et
145 1425 275 1476 ignari
307 1425 489 1464 ueritatis
522 1425 596 1464 illis
629 1426 818 1478 inputant
850 1426 1063 1465 saeuitiam
1097 1426 1234 1474 maris,
1265 1426 1500 1465 inmodicos
1533 1426 1699 1474 imbres,

71 1495 339 1547 pertinaciam
372 1495 540 1543 hiemis,
583 1509 677 1535 cum
722 1497 883 1536 interim
926 1496 1023 1535 nihil
1059 1496 1212 1536 horum
1255 1510 1361 1549 quae
1393 1497 1514 1536 nobis
1546 1503 1698 1536 nocent

72 1571 329 1617 prosuntque
361 1566 415 1605 ad
446 1579 524 1604 nos
556 1567 722 1618 proprie
755 1567 976 1618 derigatur.
1020 1581 1105 1606 non
1130 1568 1239 1606 enim
1271 1581 1348 1606 nos
1381 1580 1505 1606 causa
1537 1568 1695 1606 mundo

70 1649 212 1675 sumus
254 1635 436 1675 hiemem
479 1643 767 1689 aestatemque
808 1637 1037 1676 referendi:
1096 1651 1191 1677 suas
1234 1638 1311 1676 ista
1361 1638 1476 1689 leges
1527 1638 1697 1685 habent,

70 1706 218 1759 quibus
261 1707 398 1745 diuina
441 1714 699 1746 exercentur.
764 1708 883 1746 nimis
926 1721 1003 1747 nos
1045 1708 1311 1760 suspicimus,
1357 1709 1388 1747 si
1431 1709 1544 1759 digni
1576 1707 1696 1747 nobis

70 1776 260 1816 uidemur
301 1783 473 1829 propter
514 1791 620 1829 quos
647 1777 779 1817 ‘tanta
829 1784 1088 1818 moueantur.
1150 1778 1248 1817 nihil
1301 1792 1403 1830 ergo
1456 1778 1605 1817 horum
1658 1779 1698 1817 in

70 1853 257 1886 nostram
290 1847 475 1886 iniuriam
509 1847 565 1896 fit,
599 1848 730 1887 immo
764 1854 909 1887 contra
934 1848 1030 1887 nihil
1062 1863 1147 1888 non
1180 1850 1234 1888 ad
1256 1849 1446 1888 salutem.
1489 1850 1696 1901 quaedam

70 1931 160 1957 esse
191 1917 372 1956 diximus
415 1932 522 1970 quae
563 1932 715 1958 nocere
748 1932 831 1958 non
863 1920 1037 1971 possint,
1074 1920 1282 1971 quaedam
1317 1933 1423 1971 quae
1455 1919 1596 1958 nolint.
1658 1920 1698 1958 in
1719 1939 1745 1962 ,-

68 1988 114 2027 iis
147 1993 266 2027 erunt
298 1987 399 2027 boni
430 1989 698 2040 magistratus
736 1995 1015 2042 parentesque
1058 1996 1099 2029 et
1130 1996 1426 2042 praeceptores
1459 1996 1500 2029 et
1532 1990 1697 2037 iudices,

70 2072 249 2110 quorum
296 2059 513 2110 castigatio
546 2059 604 2098 sic
636 2060 876 2112 accipienda
910 2067 972 2099 est
1004 2061 1222 2112 quomodo
1255 2060 1495 2112 scalpellum
1529 2066 1570 2099 et
1602 2060 1695 2099 abs-

70 2129 241 2168 tinentia
283 2135 325 2169 et
366 2129 445 2168 alia
488 2143 594 2181 quae
635 2129 853 2182 profutura
894 2136 1103 2182 torquent.
1165 2129 1317 2169 adfecti
1358 2144 1500 2169 sumus
1532 2144 1692 2183 poena:

69 2205 279 2238 succurrat
311 2213 395 2238 non
428 2204 589 2239 tantum
623 2201 722 2252 quid
754 2201 977 2252 patiamur,
1015 2201 1091 2240 sed
1123 2201 1222 2252 quid
1255 2200 1493 2249 fecerimus,
1526 2202 1565 2240 in
1598 2215 1694 2240 con-

69 2410 88 2443 :5
116 2410 215 2440 bilem
243 2411 277 2451 (b
305 2410 414 2452 corr.)
514 2410 773 2454 atqui(tc01·t·.)
883 2410 888 2442 i
920 2422 981 2452 que
1006 2410 1038 2452 (e
1064 2411 1174 2451 corr.)
1276 2410 1294 2444 ῖ
1321 2415 1377 2452 atq
1404 2412 1513 2453 (corr.
1540 2421 1589 2444 ea*
1616 2412 1694 2452 11qu

199 2472 219 2501 δ’
245 2470 401 2510 εοιῑῖὲρῃί
450 2466 457 2474 “
531 2470 616 2500 idem
645 2471 667 2512 (i
695 2469 805 2511 corr.)
944 2470 1156 2510 obsequentes
1183 2469 1240 2511 (ob
1267 2469 1302 2502 ln
1331 2479 1416 2511 ras„
1445 2468 1589 2503 uidelnr
1615 2475 1697 2503 (clete

67 2543 140 2579 post
161 2536 292 2581 fuisse,
319 2550 340 2580 p
366 2542 462 2573 certe
488 2545 641 2584 apparet
666 2539 779 2581 z'm'le'o)
912 2540 931 2571 ξ)
959 2535 1166 2571 contumaee⁵
1298 2542 1418 2581 tanqua-1,
1542 2540 1583 2573 12
1611 2541 1697 2582 apud

68 2595 102 2639 (d
128 2596 162 2629 in
191 2601 201 2627 t
227 2597 337 2640 corr.)
463 2597 503 2630 14
530 2605 663 2640 possunt
689 2598 820 2632 celeri:
850 2599 973 2639 possint
1098 2597 1137 2630 15
1165 2599 1209 2628 dii
1236 2599 1436 2630 immortales
1464 2599 1487 2642 (i
1514 2600 1558 2630 im
1585 2598 1694 2639 corr.)

209 2655 254 2688 ’,Ἣ
280 2656 465 2697 derigantur
491 2655 583 2697 cod„
615 2658 772 2698 dirigatur
798 2656 863 2690 alic·
1013 2656 1056 2689 ‘3⁴2
1091 2657 1122 2687 ui
1149 2657 1259 2687 diuina
1287 2655 1450 2702 Elladm'q,
1487 2656 1554 2690 sed
1585 2658 1695 2688 diuina

67 2724 136 2747 non
172 2718 223 2747 est
257 2724 322 2747 cm·
356 2713 530 2758 offendat,
566 2714 671 2749 modo
705 2716 819 2757 quibus
846 2713 961 2760 paulo
997 2714 1204 2759 bcnifflze'ore
1235 2715 1531 2760 intel-[nmatione
1557 2715 1605 2749 ila
1631 2725 1696 2749 cx-

60 2782 240 2827 plicemus
266 2795 384 2827 nempe
409 2797 463 2817 eas
489 2787 604 2827 quibus
710 2786 752 2820 '23
779 2782 858 2827 quoS
982 2796 1060 2827 ergo
1087 2785 1137 2827 (in
1164 2786 1252 2828 ras.)
1367 2786 1410 2820 25
1438 2787 1551 2818 nollint
1578 2786 1695 2831 (prior

67 2841 76 2871 l
103 2840 187 2883 del.)
287 2842 330 2875 ⁴28
358 2844 465 2875 affecti
562 2856 646 2887 pena

1725 876 1756 902 10

1725 1228 1753 1253 15

1716 1585 1750 1610 20
