2008 3221
269 98 319 136 54
659 112 661 115 .
792 90 896 116 DIAL.
919 89 969 116 111.
1010 89 1061 114 DE
1081 89 1149 114 IRA
1170 89 1243 115 LIB.
1265 89 1286 115 1.
1309 91 1352 115 20.

269 195 451 242 gemunt.
515 189 570 227 ita
602 188 660 226 ira
692 186 892 226 muliebre
925 185 1110 224 maxime
1147 197 1197 223 ac
1238 183 1394 236 puerile
1426 184 1568 223 uitium
1613 190 1686 223 est.
1749 191 1791 224 at
1833 186 1891 224 in-

268 261 365 300 cidit
407 266 448 298 et
492 259 530 297 in
569 258 688 296 uiros.
752 270 849 295 nam
891 255 985 294 uiris
1027 268 1194 307 quoque
1236 253 1407 306 puerilia
1449 267 1498 293 ac
1540 253 1755 294 muliebria
1798 262 1893 295 sunt

267 330 441 382 ingenia.
494 329 592 380 quid
635 325 767 378 ergo?
809 340 893 365 non
925 326 1086 377 aliquae
1124 337 1251 364 uoces
1283 324 1336 362 ab
1369 324 1479 363 iratis
1512 325 1756 364 emittuntur
1786 339 1892 377 quae
1919 340 1940 374 4

270 414 425 452 magno
459 399 633 438 emissae
656 398 873 436 uideantur
905 394 1074 436 animo?
1106 396 1236 434 immo
1259 407 1401 434 ueram
1424 395 1710 447 ignorantibus
1734 397 1892 448 magni-

233 487 247 509 5
268 472 464 511 tudinem.
527 468 656 521 qualis
688 467 754 506 illa
786 468 874 506 dira
906 473 946 506 et
985 465 1294 505 abominanda:
1340 465 1527 513 oderint,
1561 466 1662 505 dum
1695 472 1894 506 metuant.

268 540 439 581 Sullano
471 539 575 579 scias
607 537 773 578 saeculo
805 537 1012 590 scriptam.
1065 536 1205 575 nescio
1238 541 1376 575 utrum
1407 536 1484 574 sibi
1526 536 1642 589 peius
1675 538 1894 588 optauerit,

268 618 312 650 ut
355 611 454 650 odio
497 615 627 657 esset,
661 622 712 647 an
754 615 799 648 ut
835 608 985 647 timori.
1048 606 1222 645 oderint.
1287 606 1464 645 occurrit
1505 606 1558 645 illi
1609 607 1812 656 futurum,
1850 614 1895 648 ut

268 687 526 729 execrentur,
559 680 807 727 insidientur,
832 678 1083 731 opprimant.
1145 677 1243 728 quid
1266 677 1419 717 adicit?
1449 678 1491 716 di
1512 676 1566 716 illi
1588 677 1696 717 male
1718 677 1890 718 faciant:

268 753 376 792 adeo
429 751 607 804 repperit
659 750 831 801 dignum
884 748 983 788 odio
1036 747 1280 787 remedium.
1364 748 1529 787 oderint
1541 765 1552 796 :y
1606 749 1731 800 quid?
1795 748 1894 789 dum

218 837 247 861 ιο
267 824 464 875 pareant?
514 835 608 860 non.
681 819 781 859 dum
822 819 1030 872 probent?
1073 831 1169 858 non.
1238 818 1339 870 quid
1384 821 1514 870 ergo?
1567 819 1668 858 dum
1710 819 1895 860 timeant.

266 894 324 932 sic
355 906 406 931 ne
438 892 566 932 amari
604 891 772 942 quidem
816 889 978 929 uellem.
1048 902 1204 941 magno
1248 889 1331 928 hoc
1369 889 1526 929 dictum
1567 890 1710 943 spiritu
1750 892 1894 943 putas?

266 963 425 1002 falleris.
488 976 564 1001 nec
606 962 715 1000 enim
758 960 1003 1013 magnitudo
1045 960 1121 1000 ista
1163 966 1247 1008 est,
1297 962 1370 999 sed
1412 960 1642 1000 inmanitas.
1705 974 1790 1000 non
1833 966 1896 1000 est

266 1034 379 1085 quod
419 1034 564 1072 credas
596 1032 858 1071 irascentium
891 1030 1039 1079 uerbis,
1071 1044 1250 1083 quorum
1284 1031 1478 1083 strepitus
1510 1031 1670 1084 magni,
1713 1032 1896 1071 minaces

266 1111 370 1151 sunt,
403 1104 509 1143 intra
540 1117 657 1142 mens
690 1102 968 1155 pauidissirna.
1031 1115 1109 1141 nec
1141 1107 1204 1141 est
1235 1100 1350 1153 quod
1380 1096 1593 1141 e‘xistimes
1625 1115 1770 1141 uerum
1793 1115 1896 1150 esse,

216 1188 245 1213 ιε»
265 1175 379 1227 quod
402 1175 512 1226 apud
541 1173 854 1213 disertissimum
876 1172 1008 1212 uirum
1031 1172 1078 1211 T.
1104 1171 1267 1211 Liuium
1290 1172 1436 1212 dicitur
1458 1172 1530 1211 uir
1557 1173 1720 1224 ingenii
1748 1173 1900 1225 magni

266 1246 408 1296 magis
447 1258 574 1296 qnam
608 1244 712 1283 honi.
777 1257 862 1283 non
894 1249 1037 1296 potest
1068 1244 1178 1282 istud
1211 1244 1415 1296 separari:
1453 1250 1523 1283 aut
1555 1250 1597 1283 et
1628 1243 1788 1284 bonum
1822 1244 1898 1284 erit

267 1324 337 1356 aut
370 1330 445 1355 nec
479 1328 691 1367 magnum,
722 1315 817 1366 quia
849 1314 1180 1366 magnitudinem
1214 1313 1337 1353 animi
1379 1314 1667 1354 inconcussam
1699 1314 1896 1367 intellego

267 1394 307 1426 et
340 1388 539 1426 introrsus
580 1385 758 1425 solidam
801 1391 842 1424 et
885 1385 938 1424 ab
978 1385 1063 1424 imo
1105 1397 1251 1437 parem
1296 1384 1560 1437 firmamque,
1602 1385 1731 1437 qualis
1764 1386 1899 1425 inesse

267 1456 383 1497 malis
415 1457 585 1509 ingeniis
618 1470 702 1495 non
744 1461 897 1509 potest.
960 1454 1158 1495 terribilia
1201 1455 1310 1494 enim
1353 1469 1445 1495 esse
1489 1461 1530 1495 et
1568 1455 1825 1495 tumultuosa
1856 1461 1898 1495 et

214 1542 247 1566 20
268 1529 444 1568 exitiosa
476 1533 675 1580 possunt:
712 1527 1047 1579 magnitudinem
1069 1526 1253 1578 quidem,
1284 1526 1396 1565 cuius
1419 1526 1729 1566 firmamentum
1752 1526 1896 1566 robur-

266 1613 346 1652 que
379 1599 544 1638 bonitas
577 1604 651 1645 est,
685 1611 769 1636 non
800 1597 1030 1637 habebunt.
1084 1603 1271 1637 ceterum
1293 1610 1502 1645 sermone,
1535 1603 1689 1637 conatu
1721 1603 1762 1637 et
1785 1598 1899 1636 omni

267 1677 387 1710 extra
418 1675 565 1723 paratu
598 1668 748 1708 facient
781 1669 1078 1721 magnitudinis
1110 1667 1251 1707 fidem.
1306 1667 1554 1720 eloquentur
1586 1668 1750 1720 aliquid,
1782 1669 1899 1720 quod

265 1747 309 1781 tu
342 1741 481 1791 magni
513 1740 676 1793 spiritus
714 1745 856 1792 putes,
899 1740 1003 1778 sicut
1050 1738 1094 1779 C.
1129 1738 1304 1786 Caesar,
1347 1739 1416 1791 qui
1456 1739 1582 1778 iratus
1615 1738 1748 1786 caelo,
1781 1739 1897 1790 quod

268 1816 528 1864 opstreperet
560 1810 841 1862 pantomimis,
873 1823 979 1862 quos
1011 1809 1250 1849 imitabatur
1274 1809 1496 1849 studiosius
1519 1822 1644 1861 quam
1666 1809 1897 1861 spectabat,

213 1894 245 1919 25
266 1883 463 1934 quodque
486 1882 736 1920 comessatio
760 1894 833 1920 sua
854 1880 1090 1920 fulminibus
1123 1885 1357 1928 terreretur,
1390 1894 1560 1933 prorsus
1591 1893 1739 1932 parum
1762 1885 1898 1919 certus

267 1953 416 1992 mentis
448 1953 502 1991 ad
534 1966 718 2004 pugnam
741 1952 907 1991 uocauit
928 1951 1073 1991 Iouem
1097 1957 1138 1990 et
1161 1951 1330 2003 quidem
1354 1951 1440 1990 sine
1463 1951 1670 1999 missione,
1704 1950 1897 1990 Homeri-

267 2036 361 2062 cum
395 2022 505 2062 illum
538 2023 780 2062 exclamans
813 2036 991 2070 uersum,

826 2088 887 2124 ”H
905 2090 942 2136 μ)
972 2089 1107 2139 ἀνάειρ’
1139 2089 1155 2132 ἰ]
1183 2089 1254 2136 ἐγώ
1281 2091 1331 2124 σέ.

267 2159 421 2204 quanta
454 2153 663 2192 dementia
685 2152 778 2191 fuit!
820 2153 981 2205 putauit
1021 2158 1091 2191 aut
1133 2152 1209 2191 sibi
1241 2151 1382 2191 noceri
1426 2164 1477 2191 ne
1509 2151 1564 2191 ab
1597 2151 1696 2191 Ioue
1729 2151 1898 2203 quidem

213 2234 246 2258 ³0
267 2236 392 2275 posse
424 2229 493 2262 aut
525 2236 569 2262 sc
601 2236 752 2262 nocere
785 2223 910 2262 etiam
941 2223 1029 2262 Ioui
1060 2236 1197 2275 posse.
1263 2236 1348 2262 non
1380 2227 1484 2275 puto
1516 2235 1662 2275 parum
1696 2221 1899 2262 momenti

274 2339 281 2371 l
315 2346 344 2369 at
373 2339 397 2380 (t
423 2340 533 2381 corr.)
668 2339 687 2372 ri
717 2335 956 2381 magnoemisse
984 2340 1014 2381 (e
1041 2339 1074 2372 in
1103 2340 1190 2379 ras.)
1314 2340 1445 2370 animo?
1473 2340 1540 2370 iffio
1565 2337 1735 2383 IlIadm'q:
1765 2339 1898 2370 animoss

374 2399 393 2426 (ἱ
420 2398 544 2438 syllano
653 2399 742 2438 seclo
852 2399 941 2440 peius
969 2398 1017 2440 (in
1046 2398 1134 2441 νας.)
1247 2398 1267 2430 §l
1293 2385 1338 2439 q-‘l
1455 2398 1533 2439 quid
1560 2397 1648 2429 tum?
1679 2396 1787 2431 Gerl:

271 2457 307 2489 ll
338 2468 376 2486 ne
403 2456 480 2490 cod.
512 2456 651 2490 Berol.:
681 2468 739 2488 nec
841 2455 940 2500 Cous.
971 2456 1153 2490 Gerlzz‘nm
1252 2456 1377 2500 spiritu]
1405 2461 1467 2497 spi-1
1568 2456 1609 2489 14'
1636 2457 1804 2488 existemes

270 2515 310 2548 123
338 2516 424 2556 apud
457 2516 669 2548 disertissima
703 2514 806 2547 <licitV
834 2516 899 2549 scd
933 2517 963 2547 ui
992 2543 1027 2550 ..
1048 2543 1055 2550 .
1076 2543 1083 2549 .
1111 2517 1168 2549 uisi
1203 2515 1237 2548 ἱη
1274 2526 1387 2559 ηιανῃ.
1421 2525 1464 2549 m.
1499 2513 1560 2548 alc.
1589 2513 1754 2549 ductibus
1780 2524 1900 2559 paene

267 2573 441 2613 emarcidis,
469 2574 502 2606 ln
530 2574 658 2617 quibus
684 2573 796 2608 {alere
815 2574 957 2608 uidetur
983 2573 1080 2618 quod
1097 2584 1146 2608 esc
1166 2573 1406 2608 deterioribus
1430 2572 1602 2617 aulantem·
1627 2574 1728 2604 uirum
1748 2575 1895 2610 Liuium;

264 2643 484 2677 praenmncn
511 2634 550 2665 T.
578 2632 721 2666 addidit
750 2633 855 2667 Gertz
891 2633 954 2677 qni
989 2632 1028 2666 id
1060 2632 1142 2667 lme'c
1176 2633 1312 2667 nomini
1343 2643 1484 2677 semper
1509 2631 1600 2666 addi
1623 2643 1645 2665 (ι
1673 2631 1812 2667 Seneca
1838 2631 1898 2666 ob-

267 2691 428 2724 serandi!
565 2694 607 2724 ⁴33
635 2693 761 2733 spiritus
788 2691 930 2725 addidit
958 2691 1066 2733 Kassa,
1095 2694 1195 2724 animi
1222 2692 1375 2726 malebat
1404 2691 1511 2726 Gertz
1629 2691 1672 2724 :24
1700 2693 1898 2733 obstreperet

269 2749 484 2783 deteriores:
507 2738 728 2791 obsirepereti‘e
755 2754 842 2791 (ras,
861 2751 1001 2794 puncti)
1161 2751 1204 2783 25»
1232 2756 1336 2782 certus
1362 2752 1478 2782 mentis
1504 2748 1622 2783 Koch:
1654 2751 1747 2782 certis

268 2812 309 2840 ’μ’
333 2804 390 2840 ‘'ll
411 2804 448 2853 μ’
477 2806 610 2854 ἀνάειῤ
641 2808 655 2849 ἡ
685 2807 754 2852 ἐγὼ
782 2809 820 2842 σέ
848 2808 1031 2843 Muretus:
1064 2807 1527 2843 ΗΜΛΝΑΡΕΝΕΓΩΟΕ.

1922 1115 1943 1149 6
