2008 3221
246 87 300 127 98
356 88 359 92 ·
734 81 838 107 DIAL.
861 81 893 105 V.
935 81 988 105 ΗΕ
1009 81 1074 105 IRA
1098 80 1170 107 LlB.
1193 80 1245 106 lll.
1289 82 1328 107 Η.
1353 82 1392 107 15.

247 181 494 221 ebrietatem
538 181 576 219 in
619 193 736 231 rege,
785 193 910 231 quem
955 178 1141 219 omnium
1185 177 1292 218 oculi
1344 191 1545 231 auresque
1597 186 1878 231 sequerentur.

246 253 300 292 ad
334 252 436 291 haec
469 250 555 298 ille,
598 256 642 289 ut
674 250 800 297 scias,
844 250 994 302 inquit,
1028 249 1389 301 quemadmodum
1422 263 1650 302 numquam
1684 251 1879 290 excidam

248 322 358 370 mihi,
393 321 642 374 adprobabo
677 322 758 361 iam
793 327 835 360 et
863 320 1007 361 oculos
1029 327 1127 373 post
1149 321 1288 360 uinum
1322 321 1361 360 in
1384 320 1521 361 officio
1545 335 1636 361 esse
1658 327 1699 360 et
1723 335 1880 362 manus.

247 394 351 433 bibit
391 394 543 432 deinde
585 392 790 432 liberalius
843 406 969 445 quam
1013 392 1112 432 alias
1166 392 1451 446 capacioribus
1502 392 1671 446 scyphis
1714 399 1756 432 et
1798 393 1879 432 iam
1906 398 1926 432 ⁴2

213 487 227 510 5
250 466 386 517 grauis
420 478 468 504 ac
501 464 736 504 uinolentus
770 464 1050 516 obiurgatoris
1093 463 1152 503 sui
1184 463 1312 503 filium
1345 465 1577 516 procedere
1609 463 1715 504 ultra
1755 463 1881 503 limen

201 839 229 862 10

204 1193 232 1217 152

204 1548 237 1571 '20

211 2258 224 2279 ζ’.
229 2240 244 2281 O

250 536 362 575 iubet
406 535 686 587 adleuataque
728 549 852 587 super
885 542 1008 588 caput
1041 535 1203 574 sinistra
1236 548 1362 574 manu
1394 541 1515 576 stare.
1577 541 1676 575 tunc
1707 535 1882 575 intendit

248 620 389 646 arcum
424 612 465 645 et
497 606 631 659 ipsum
666 619 739 645 cor
771 605 1049 645 adulescentis
1062 617 1074 654 ,¹
1104 606 1144 645 id
1178 606 1287 645 enim
1321 612 1465 658 petere
1496 618 1541 645 se
1574 607 1759 655 dixerat,
1792 605 1882 658 figit

248 678 507 730 rescissoque
549 683 722 730 pectore
765 676 942 717 haerens
984 677 1023 716 in
1065 678 1155 730 ipso
1199 677 1328 716 corde
1373 676 1574 730 spiculum
1618 678 1801 718 ostendit
1834 691 1883 717 ac

249 749 470 801 respiciens
502 755 666 801 patrem
700 749 983 801 interrogauit,
1015 749 1168 789 satisne
1201 754 1359 788 certam
1392 747 1568 788 haberet
1597 762 1777 788 manum.
1841 755 1884 788 at
1924 758 1927 762 ’

249 820 316 859 ille
356 820 525 871 negauit
568 819 810 873 Apollinem
854 820 1043 873 potuisse
1086 820 1236 859 certius
1288 821 1464 859 mittere.
1528 820 1567 859 di
1610 819 1721 859 illum
1775 819 1884 860 male
1911 823 1929 853 ἓ·

250 892 429 944 perdant
461 891 600 930 animo
635 892 768 943 magis
810 904 937 944 quam
972 891 1218 930 condicione
1262 891 1536 943 mancipium!
1583 892 1668 931 eius
1710 891 1767 930 rei
1797 890 1883 931 lau-

252 963 376 1002 dator
427 961 520 1010 fuit,
586 964 697 1002 cuius
749 964 869 1002 nimis
922 970 1011 1002 erat
1063 968 1348 1015 spectatorem
1403 961 1535 1002 fuisse.
1620 964 1884 1002 occasionem

252 1034 546 1074 blanditiarum
592 1036 753 1087 putauit
795 1040 941 1087 pectus
980 1033 1048 1073 filii
1090 1036 1128 1074 in
1173 1035 1276 1074 duas
1308 1040 1448 1087 partes
1482 1035 1697 1073 diductum
1740 1039 1782 1073 et
1814 1047 1886 1073 cor

253 1105 330 1145 sub
364 1105 535 1145 uolnere
566 1105 784 1159 palpitans.
848 1108 1178 1146 controuersiam
1223 1105 1274 1145 illi
1318 1104 1454 1145 facere
1488 1106 1540 1145 de
1580 1105 1712 1157 gloria
1744 1105 1888 1145 debuit

254 1184 295 1217 et
329 1190 524 1216 reuocare
556 1179 720 1225 iactum,
753 1184 797 1217 ut
830 1179 916 1229 regi
948 1177 1094 1217 liberet
1127 1179 1165 1217 in
1198 1179 1288 1230 ipso
1316 1183 1436 1230 patre
1461 1179 1682 1216 certiorem
1716 1190 1886 1217 manum

255 1249 492 1289 ostendere.
556 1262 581 1288 o
626 1262 769 1301 regem
825 1251 1066 1288 cruentum!
1124 1263 1149 1288 o
1204 1249 1375 1301 dignum
1429 1249 1468 1287 in
1521 1261 1646 1300 quem
1701 1249 1887 1288 omnium
1924 1256 1931 1267 ¹

255 1334 425 1360 suorum
460 1334 577 1360 arcus
610 1323 895 1359 uerterentur!
952 1334 1046 1360 cum
1090 1321 1275 1360 execrati
1316 1319 1513 1359 fuerimus
1555 1318 1665 1358 illum
1699 1320 1890 1359 conuiuia

257 1391 462 1444 suppliciis
506 1390 799 1444 funeribusque
841 1391 1097 1439 soluentem,
1152 1398 1294 1431 tamen
1337 1390 1574 1431 sceleratius
1618 1390 1747 1430 telum
1791 1389 1888 1429 illud

256 1462 471 1503 laudatum
505 1469 568 1502 est
600 1477 727 1515 quam
761 1465 944 1502 missum.
1007 1463 1241 1502 uidebimus
1263 1462 1483 1514 quomodo
1516 1476 1561 1500 se
1593 1467 1712 1515 pater
1743 1475 1889 1514 gerere

260 1534 450 1573 debuerit
492 1539 606 1573 stans
648 1547 771 1586 super
813 1534 994 1573 cadauer
1036 1533 1104 1573 filii
1146 1535 1207 1574 sui
1249 1534 1506 1586 caedemque
1539 1531 1673 1581 illam,
1705 1534 1816 1572 cuius
1849 1538 1891 1572 et

258 1607 373 1645 testis
406 1603 538 1644 fuerat
571 1610 612 1643 et
646 1618 789 1644 causa:
828 1606 869 1644 id
902 1606 955 1644 de
987 1619 1071 1657 quo
1105 1618 1212 1644 nunc
1245 1606 1401 1656 agitur,
1440 1610 1625 1658 apparet,
1659 1605 1760 1644 iram
1795 1617 1888 1657 sup-

258 1678 378 1729 primi
400 1689 535 1728 posse.
590 1689 672 1715 non
697 1675 914 1715 maledixit
939 1678 1036 1728 regi,
1060 1676 1216 1715 nullum
1241 1677 1375 1715 emisit
1397 1689 1449 1714 ne
1471 1674 1702 1715 calamitosi
1722 1673 1890 1727 quidem
1919 1682 1928 1713 -ῖ

260 1746 446 1794 uerbum,
481 1760 574 1785 cum
599 1760 731 1799 aeque
765 1760 837 1786 cor
858 1761 977 1786 suum
1007 1761 1133 1800 quam
1167 1747 1233 1786 filii
1255 1746 1503 1786 transfixum
1527 1747 1697 1786 uideret.
1749 1751 1892 1798 potest

261 1819 338 1857 dici
371 1819 519 1857 merito
554 1819 782 1857 deuorasse
814 1818 954 1857 uerba.
1014 1831 1110 1857 nam
1144 1819 1176 1857 si
1199 1818 1295 1870 quid
1319 1823 1535 1870 tamquam
1559 1818 1684 1857 iratus
1707 1817 1892 1864 dixisset,

207 1903 240 1927 -5
261 1888 357 1928 nihil
409 1895 625 1941 tamquam
679 1895 798 1942 pater
851 1888 986 1928 facere
1038 1891 1253 1942 potuisset.
1316 1895 1479 1942 potest,
1533 1890 1709 1941 inquam
1766 1888 1894 1927 uideri

261 1961 485 2012 sapientius
518 1974 562 1999 se
602 1962 640 1999 in
683 1960 751 1999 illo
785 1974 881 2000 casu
926 1962 1124 2012 gessisse,
1170 1975 1296 2013 quam
1330 1974 1423 2000 cum
1459 1961 1512 1999 de
1553 1960 1729 2012 potandi
1761 1959 1893 1999 modo

261 2033 519 2084 praeciperet
559 2033 613 2080 ei,
648 2045 773 2084 quem
807 2034 933 2071 satius
967 2038 1055 2071 erat
1098 2034 1236 2071 uinum
1281 2045 1407 2084 quam
1450 2032 1695 2083 sanguinem
1738 2029 1894 2077 bibere,

262 2104 374 2141 cuius
398 2116 544 2141 manus
574 2103 733 2155 poculis
757 2106 950 2156 occupari
973 2118 1059 2156 pax
1084 2110 1198 2143 erat:
1236 2104 1409 2142 accessit
1438 2104 1576 2155 itaque
1599 2102 1652 2142 ad
1675 2114 1894 2140 numerum

264 2186 421 2220 eorum,
456 2175 524 2225 qui
558 2176 720 2226 magnis
753 2174 941 2214 cladibus
973 2175 1262 2223 ostenderunt,
1298 2176 1440 2226 quanti
1474 2178 1714 2213 constarent
1747 2185 1894 2224 regum

265 2246 407 2284 amicis
441 2245 554 2283 bona
587 2245 767 2285 consilia.

387 2316 480 2354 XV.
544 2316 639 2355 Non
680 2317 827 2356 dubito
870 2318 967 2369 quin
1011 2318 1235 2369 Harpagus
1277 2329 1446 2368 quoque
1488 2315 1571 2355 tale
1613 2314 1766 2367 aliquid
1810 2314 1896 2366 regi

267 2401 342 2426 suo
388 2388 691 2440 Persarumque
741 2389 930 2437 suaserit,
986 2402 1070 2441 quo
1124 2387 1310 2427 offensus
1354 2387 1506 2426 liberos
1561 2385 1613 2425 illi
1667 2385 1898 2439 epulandos

269 2532 287 2561 :2
308 2531 470 2572 appbabo
498 2532 532 2572 (p
555 2530 660 2573 prim·
686 2530 798 2573 corr.)
897 2529 914 2562 >i
948 2530 1041 2560 7iam
1068 2528 1100 2563 Ιι.
1129 2540 1157 2563 c.
1185 2529 1282 2559 etiam
1310 2527 1343 2560 in
1372 2538 1447 2561 ras.
1547 2527 1565 2557 ἴ)
1594 2527 1669 2558 uino
1696 2527 1797 2557 lentus

270 2592 289 2623 b*
318 2592 502 2632 ableuataq;
633 2594 653 2618 Η
682 2591 851 2631 resci550111;
883 2590 980 2635 (pasl
1006 2601 1025 2620 o
1053 2587 1197 2622 uidetur
1223 2599 1236 2619 S
1259 2586 1390 2630 sitisse)
1507 2587 1526 2619 S)
1554 2587 1672 2618 satisne
1699 2590 1819 2617 certam
1848 2586 1901 2626 (ue

269 2662 285 2682 c
313 2650 345 2683 ιή
375 2652 462 2691 ras.)
594 2650 629 2683 lu
657 2650 701 2680 dii
831 2650 865 2682 ll
896 2649 1072 2681 condicio&
1099 2652 1129 2687 (e
1156 2646 1217 2681 all.
1244 2651 1277 2680 el
1305 2650 1322 2679 (Ξ
1349 2647 1459 2681 corr.)
1591 2645 1621 2677 14
1653 2645 1782 2676 uulnere

270 2710 310 2742 '31
341 2711 515 2740 deum-asse
542 2710 604 2749 (sse
631 2709 663 2741 in
692 2710 783 2749 ras.)
914 2709 1017 2739 namsi
1046 2713 1073 2749 (s
1099 2710 1208 2746 corr.)
1339 2706 1415 2747 quid
1444 2706 1478 2746 (d
1505 2708 1615 2745 corr.)
1754 2704 1796 2737 26
1825 2714 1900 2735 casu

270 2777 317 2805 <su
337 2771 445 2809 corr.)
560 2768 598 2801 2}
624 2770 651 2799 ci
672 2767 813 2801 addidit
832 2767 955 2802 Haase
1069 2768 1112 2800 2⁵·
1139 2767 1291 2808 occupari
1320 2767 1379 2806 (ari
1408 2765 1441 2797 in
1470 2766 1555 2805 ras.)
1655 2763 1692 2796 :u
1727 2765 1900 2805 Harpagus

271 2828 365 2868 (lem,
394 2828 495 2862 alda
527 2830 678 2870 harpalus
