2008 3221
237 116 316 155 194
475 111 579 138 DIAL.
601 110 652 137 IX.
693 110 746 135 AD
768 109 956 135 SERENVM
978 110 1030 134 DE
1050 109 1403 142 TRANQVILLITATE
1423 109 1551 137 ANIMI.
1592 112 1615 137 1.

229 208 367 262 placet
397 208 579 247 honores
611 206 827 258 fascesque
858 219 943 245 non
974 205 1131 245 scilicet
1162 219 1345 258 purpura
1376 213 1447 246 aut
1481 206 1606 258 uirgis
1628 207 1858 246 abductum

229 292 456 332 capessere,
488 278 563 316 sed
596 283 641 316 ut
673 278 813 316 amicis
835 277 1161 328 propinquisque
1184 282 1226 316 et
1248 277 1443 316 omnibus
1466 277 1633 324 ciuibus
1666 277 1860 316 omnibus

229 349 379 388 deinde
422 346 666 387 mortalibus
708 348 891 399 paratior
932 346 1150 398 utiliorque
1182 348 1269 386 sim.
1333 353 1575 400 promptus,
1619 348 1860 399 conpositus

228 432 380 470 sequor
412 419 603 464 Zenona,
638 417 891 465 Cleanthen,
925 416 1230 468 Chrysippum,
1263 431 1442 469 quorum
1474 423 1617 457 tamen
1649 431 1775 456 nemo
1807 418 1860 457 ad

194 500 208 521 5
229 488 528 540 rempublicam
572 490 765 536 accessit,
810 489 885 527 sed
928 501 1052 526 nemo
1092 501 1177 526 non
1210 489 1345 527 misit:
1391 488 1461 526 ubi
1493 487 1645 540 aliquid
1678 490 1860 527 animam

178 852 207 876 10

178 1204 206 1228 15

172 1557 205 1582 ⁴20

171 1910 203 1936 25

227 559 434 599 insolitam
469 561 629 599 arietari
661 560 874 611 percussit,
906 558 975 597 ubi
1009 557 1160 610 aliquid
1193 560 1371 598 occurrit
1403 565 1475 599 aut
1496 560 1722 610 indignum,
1756 565 1801 598 ut
1822 560 1861 598 in

228 631 342 669 omni
383 631 467 669 uita
507 629 690 669 humana
732 628 864 668 multa
905 634 1022 676 sunt,
1066 634 1136 667 aut
1177 642 1324 682 parum
1369 642 1423 668 ex
1462 628 1567 668 facili
1598 628 1749 676 fluens,
1791 636 1862 669 aut

228 699 405 739 multum
448 701 651 753 temporis
692 713 757 739 res
799 713 883 739 non
924 713 1080 751 magno
1123 700 1409 739 aestimandae
1450 705 1754 752 poposcerunt,
1808 700 1862 739 ad

228 772 359 810 otium
412 777 638 810 conuertor
687 776 729 810 et
774 770 1137 822 quemadmodum
1190 769 1411 822 pecoribus
1461 769 1643 822 fatigatis
1694 783 1863 822 quoque

228 840 410 880 uelocior
464 841 638 879 domum
690 841 847 891 gradus
899 845 983 888 est,
1036 838 1174 892 placet
1225 841 1332 879 intra
1373 841 1551 893 parietes
1593 853 1690 880 suos
1733 841 1861 880 uitam

227 911 460 950 cohercere.
512 924 638 949 nemo
680 910 806 949 ullum
851 910 1009 950 auferat
1043 911 1153 949 diem
1187 910 1283 950 nihil
1315 910 1487 962 dignum
1516 916 1637 950 tanto
1665 911 1863 962 inpendio

227 982 475 1021 redditurus.
538 981 614 1020 sibi
655 983 742 1033 ipse
784 982 945 1020 animus
987 979 1181 1029 haereat,
1223 994 1268 1020 se
1301 980 1434 1028 colat,
1476 979 1571 1020 nihil
1605 980 1721 1020 alieni
1753 987 1862 1033 agat,

226 1051 320 1091 nihil
355 1053 470 1104 quod
504 1052 557 1091 ad
590 1051 765 1090 iudicem
796 1056 970 1104 spectet.
1014 1056 1176 1090 ametur
1206 1064 1358 1103 expers
1380 1051 1572 1103 publicae
1594 1053 1863 1103 priuataeque

226 1136 348 1162 curae
380 1122 669 1174 tranquillitas.
733 1122 808 1161 sed
842 1121 911 1160 ubi
942 1121 1066 1161 lectio
1100 1121 1246 1161 fortior
1268 1123 1401 1161 erexit
1423 1123 1606 1161 animum
1631 1128 1673 1161 et
1696 1121 1862 1161 aculeos

228 1193 505 1232 subdiderunt
538 1192 735 1245 exempla
767 1192 941 1240 nobilia,
974 1191 1161 1244 prosilire
1192 1192 1293 1232 libet
1325 1193 1363 1231 in
1397 1191 1554 1240 forum,
1589 1193 1864 1232 commodare

226 1263 342 1303 alteri
374 1277 535 1312 uocem,
570 1263 686 1303 alteri
719 1277 904 1315 operam,
938 1264 1100 1302 etiamsi
1133 1262 1228 1302 nihil
1262 1262 1533 1316 profuturam,
1566 1269 1709 1302 tamen
1737 1276 1861 1303 cona-

225 1340 361 1374 turam
393 1335 608 1386 prodesse,
641 1333 806 1373 alicuius
838 1347 1033 1373 coercere
1065 1334 1103 1372 in
1142 1333 1233 1372 foro
1266 1333 1502 1386 superbiam
1536 1333 1645 1373 male
1672 1335 1863 1374 secundis

225 1405 349 1444 rebus
393 1405 498 1444 elati.
566 1406 605 1444 in
646 1405 791 1445 studiis
833 1410 936 1456 puto
979 1417 1048 1444 me
1089 1403 1279 1443 hercules
1323 1403 1470 1444 melius
1513 1418 1605 1443 esse
1646 1418 1711 1444 res
1753 1405 1862 1457 ipsas

225 1477 371 1521 intueri
404 1482 446 1516 et
477 1475 624 1515 harum
659 1489 783 1515 causa
815 1474 950 1528 loqui,
983 1481 1169 1515 ceterum
1204 1475 1334 1514 uerba
1365 1475 1489 1514 rebus
1521 1477 1785 1527 permittere,
1818 1482 1862 1515 ut

225 1560 306 1598 qua
360 1547 578 1594 duxerint,
630 1545 710 1586 hac
750 1545 1010 1586 inelaborata
1051 1552 1249 1598 sequatur
1291 1546 1437 1585 oratio.
1508 1546 1607 1597 quid
1651 1559 1757 1598 opus
1799 1552 1863 1587 est

224 1617 397 1656 saeculis
440 1618 639 1657 duratura
681 1618 948 1668 conponere?
993 1618 1052 1656 uis
1094 1622 1138 1656 tu
1170 1630 1255 1656 non
1288 1617 1329 1656 id
1361 1629 1505 1668 agere,
1550 1629 1602 1656 ne
1633 1622 1675 1656 te
1706 1618 1863 1669 posteri

224 1690 419 1728 taceant?
454 1689 579 1728 morti
611 1694 734 1728 natus
768 1701 822 1727 es,
886 1689 1019 1727 minus
1054 1687 1340 1727 molestiarum
1372 1686 1502 1727 habet
1535 1685 1654 1726 funus
1676 1689 1860 1727 tacitum.

224 1760 363 1811 itaque
395 1759 628 1811 occupandi
659 1760 863 1811 temporis
885 1772 1021 1807 causa,
1054 1760 1093 1798 in
1117 1772 1236 1798 usum
1259 1764 1390 1806 tuum,
1422 1771 1507 1797 non
1530 1759 1569 1797 in
1591 1759 1860 1810 praeconium

224 1830 376 1882 aliquid
409 1829 583 1882 simplici
614 1830 708 1869 stilo
740 1829 874 1869 scribe
948 1831 1110 1869 minore
1140 1829 1287 1869 labore
1318 1842 1424 1881 opus
1448 1835 1511 1868 est
1533 1829 1799 1869 studentibus
1822 1830 1860 1868 in

225 1901 347 1939 diem.
421 1914 558 1939 rursus
612 1900 682 1940 ubi
730 1914 775 1939 se
817 1901 978 1939 animus
1022 1902 1325 1951 cogitationum
1368 1900 1654 1950 magnitudine
1695 1899 1860 1948 leuauit,

225 1971 468 2010 ambitiosus
501 1972 539 2010 in
572 1971 701 2010 uerba
733 1976 796 2010 est
830 1970 1033 2022 altiusque
1066 1977 1110 2010 ut
1141 1972 1297 2023 spirare
1327 1972 1385 2009 ita
1416 1969 1553 2022 eloqui
1585 1971 1713 2022 gestit
1741 1976 1783 2010 et
1805 1970 1859 2009 ad

225 2042 472 2092 dignitatem
504 2054 642 2080 rerum
675 2041 762 2080 exit
796 2041 941 2080 oratio.
994 2040 1150 2080 oblitus
1171 2046 1262 2080 tum
1286 2040 1386 2079 lenis
1408 2040 1704 2092 pressiorisque
1726 2040 1860 2079 iudicii

224 2111 436 2151 sublimius
469 2110 578 2150 feror
610 2118 652 2151 et
685 2124 758 2150 ore
789 2112 870 2150 iam
904 2124 989 2150 non
1022 2124 1129 2150 meO.
1172 2125 1224 2150 ne
1256 2110 1417 2162 singula
1448 2111 1600 2150 diutius
1621 2123 1858 2163 persequar,

223 2184 262 2221 in
304 2182 499 2221 omnibus
532 2182 656 2221 rebus
689 2181 794 2221 haec
827 2195 895 2221 me
926 2183 1112 2234 sequitur
1144 2182 1282 2221 bonae
1314 2182 1466 2221 mentis
1498 2179 1724 2221 infirmitas.
1787 2187 1858 2221 aut

489 2401 504 2417 C

374 2430 380 2461 l
424 2430 555 2470 saseisq:
729 2428 746 2443 ‘³

728 2443 747 2459 .>‚
783 2432 952 2470 promptus
985 2428 1184 2469 compositus
1212 2426 1430 2461 deteriores:
1470 2431 1602 2469 ,pmptus
1639 2427 1698 2458 sim
1735 2428 1856 2469 positus

364 2501 628 2541 compositusque
653 2498 844 2533 scribendo
875 2497 995 2532 Haase
1022 2497 1272 2532 hexametrum
1302 2497 1422 2542 effecit
1543 2498 1562 2529 ἴ)
1590 2487 1723 2531 ι·ειῃ.ἶ’.

222 2560 278 2590 sed
309 2557 426 2592 Koch:
456 2569 491 2592 ³7
512 2558 532 2591 ἰ.
553 2569 580 2592 e.
599 2563 647 2590 set
665 2557 745 2592 cod.
776 2563 806 2589 et
834 2556 941 2602 uulqo
1064 2560 1084 2585 δ’
1120 2569 1168 2589 res
1196 2556 1411 2591 deteriores:
1441 2557 1485 2588 rei
1608 2556 1649 2589 11
1687 2556 1855 2598 impendio

223 2631 281 2671 (m.
310 2630 328 2660 3
356 2629 391 2662 in
417 2639 531 2674 mary.
559 2629 649 2674 rep.)
808 2628 848 2661 12
882 2629 993 2659 hereat
1124 2627 1166 2661 ’14
1201 2639 1278 2659 eura
1304 2616 1335 2669 e}
1361 2627 1574 2669 tranquillitas
1742 2627 1855 2658 sortior

223 2715 275 2747 (or
300 2709 335 2743 in
362 2711 450 2751 ras.)
602 2711 638 2744 16
666 2695 758 2743 etia.Sl
786 2711 885 2742 nichil
913 2708 1057 2752 (lacuna
1078 2714 1164 2754 post
1190 2710 1304 2751 nichil)
1444 2710 1481 2742 21
1523 2719 1721 2750 componere

223 2769 266 2802 ‘22
301 2775 391 2800 natus
419 2780 450 2800 cs
478 2767 695 2803 deteriores:
725 2774 818 2800 natus
844 2774 888 2799 est
1011 2767 1055 2801 26
1087 2769 1210 2809 spirare
1240 2766 1311 2800 Εἲς
1341 2778 1471 2809 sperare
1591 2766 1635 2800 2⁴*
1670 2767 1749 2797 lenis
1780 2765 1850 2799 EQ:

223 2827 302 2867 legis
423 2828 467 2860 23¹2)
494 2833 544 2859 aut
568 2827 663 2861 li'oclz
692 2829 782 2867 (quin
805 2826 945 2870 Lipsius
972 2828 1078 2868 itaque
1099 2825 1243 2869 Gerl:):
1274 2827 1324 2857 cui

1890 498 1901 530 1
1919 498 1925 530 1

1897 1131 1932 1164 12

1894 1413 1932 1445 123

1887 1905 1931 1939 ’14
