2008 3221
218 824 247 849 10

220 1178 248 1203 15

217 1530 250 1556 21·

270 88 354 126 220
467 66 469 68 Ι
500 84 605 111 DIAL.
628 84 679 110 IX.
718 84 772 109 AD
795 82 982 108 SERENVM
1003 83 1055 108 DE
1074 82 1428 114 TRANQVILLlTATE
1449 83 1578 111 ANIMI.
1620 85 1659 111 17.

269 186 401 220 tatem
434 180 695 227 ueniendum,
727 193 812 218 non
845 184 890 218 ut
922 184 1086 231 mergat
1115 192 1204 227 nOS‚
1237 181 1310 218 sed
1332 185 1377 219 ut
1399 180 1616 232 deprimat.
1669 179 1765 219 eluit
1788 180 1896 219 enirn

269 264 387 290 curas
419 256 462 289 et
493 249 546 289 ab
568 250 654 289 imo
677 250 861 289 animum
885 255 1029 290 mouet
1052 255 1094 288 et
1116 255 1161 288 ut
1183 249 1340 289 morbis
1362 249 1612 302 quibusdam
1634 250 1691 290 ita
1711 249 1900 290 tristitiae

270 321 473 360 medetur.
538 319 749 371 Liberque
788 333 872 359 non
917 320 973 359 ob
1006 319 1215 359 licentiam
1247 319 1413 372 linguae
1445 321 1580 360 dictus
1612 327 1675 360 est
1706 321 1899 360 inuentor

269 391 361 438 uini,
394 391 469 430 sed
501 384 597 443 quia
629 390 777 429 liberat
808 387 975 430 seruitio
1009 403 1199 429 curarum
1232 391 1417 430 animum
1451 397 1492 430 et
1524 392 1678 431 adserit
1710 395 1898 444 uegetat-

269 474 351 513 que
393 466 435 500 et
476 460 742 500 audaciorem
788 461 826 500 in
868 474 1017 500 omnes
1050 467 1224 500 conatus
1256 460 1364 500 facit.
1427 461 1502 500 sed
1534 466 1579 500 ut
1610 460 1813 501 libertatis
1844 461 1900 500 ita
1925 470 1946 504 9

268 531 350 570 uini
398 530 572 571 salubris
615 532 849 570 moderatio
893 538 966 571 est.
1049 530 1252 571 Solonem
1297 531 1642 584 Arcesilaumque
1683 530 1901 571 indulsisse

268 603 364 641 uino
407 602 592 642 credunt.
658 600 807 641 Catoni
839 602 1018 642 ebrietas
1051 602 1218 642 obiecta
1250 607 1323 641 est.
1386 601 1543 642 facilius
1576 601 1748 650 efficiet,
1790 601 1898 655 quis-

269 673 359 726 quis
400 672 554 712 obiecit
597 672 654 724 ei,
698 673 853 712 crimen
895 673 1121 712 honestum
1164 686 1291 725 quam
1333 678 1500 726 turpem
1544 672 1762 713 Catonem.
1825 673 1901 712 sed

268 757 346 784 nec
376 756 503 796 saepe
534 743 769 784 faciendum
803 750 887 792 est,
921 757 973 783 ne
1005 744 1166 783 animus
1199 743 1353 783 malam
1386 743 1732 783 consuetudinem
1765 744 1900 791 ducat,

269 821 312 854 et
357 813 580 866 aliquando
628 820 771 854 tamen
813 815 852 854 in
905 813 1207 854 exultationem
1250 813 1572 866 libertatemque
1615 813 1901 854 extrahendus

268 886 476 937 tristisque
508 885 713 925 sobrietas
746 886 1007 925 remouenda
1037 885 1255 938 paulisper.
1318 899 1417 925 nam
1449 885 1536 925 siue
1558 885 1722 926 Graeco
1745 890 1898 938 poetae
1930 895 1969 929 10

269 957 498 996 credimus:
556 956 780 1008 aliquando
834 962 876 996 et
926 956 1102 996 insanire
1154 956 1378 996 iucundum
1433 961 1518 1005 est,
1570 957 1657 996 siue
1710 955 1896 996 Platoni:

269 1027 417 1067 frustra
448 1027 635 1079 poeticas
668 1026 778 1066 fores
811 1040 972 1080 conpos
1013 1027 1074 1066 sui
1115 1026 1295 1080 pepulit,
1338 1028 1425 1066 siue
1457 1026 1701 1067 Aristoteli:
1743 1025 1900 1066 nullum

270 1111 469 1150 magnum
502 1097 711 1149 ingenium
744 1098 832 1137 sine
864 1098 1048 1137 mixtura
1079 1098 1317 1137 dementiae
1345 1097 1427 1138 fuit.
1472 1111 1557 1137 non
1580 1102 1721 1150 potest
1742 1097 1901 1149 grande

269 1168 421 1221 aliquid
465 1174 506 1207 et
547 1181 671 1220 super
713 1174 877 1207 ceteros
919 1167 1031 1220 loqui
1063 1168 1137 1207 nisi
1170 1175 1288 1208 mota
1320 1181 1450 1208 mens.
1513 1181 1607 1207 curn
1640 1166 1826 1219 uolgaria
1858 1172 1900 1207 et
1927 1177 1969 1210 11

268 1239 391 1279 solita
424 1240 678 1292 contempsit
710 1239 985 1291 instinctuque
1018 1252 1138 1278 sacro
1160 1239 1339 1279 surrexit
1362 1238 1577 1287 excelsior,
1610 1244 1708 1278 tunc
1729 1237 1901 1277 demum

269 1310 420 1362 aliquid
453 1310 600 1349 cecinit
632 1310 829 1361 grandius
861 1323 935 1348 ore
968 1309 1146 1350 mortali.
1209 1324 1294 1349 non
1316 1315 1459 1363 potest
1481 1308 1659 1348 sublime
1680 1309 1901 1361 quicquam

270 1387 311 1420 et
343 1381 382 1420 in
415 1381 547 1420 arduo
580 1381 764 1433 positum
798 1381 1064 1432 contingere,
1107 1381 1308 1432 quamdiu
1341 1380 1452 1432 apud
1484 1393 1530 1419 se
1563 1386 1650 1419 est:
1699 1379 1902 1418 desciscat

270 1457 440 1504 oportet
469 1464 493 1490 a
524 1450 647 1491 solito
680 1456 722 1490 et
755 1450 949 1490 efferatur
982 1457 1023 1490 et
1056 1451 1251 1491 mordeat
1283 1449 1423 1490 frenos
1455 1456 1497 1489 et
1529 1456 1736 1490 rectorem
1768 1449 1902 1502 rapiat

270 1535 390 1561 suum
424 1535 560 1573 eoque
592 1520 707 1569 ferat,
741 1535 825 1573 quo
859 1535 934 1574 per
966 1535 1010 1561 se
1042 1521 1247 1561 timuisset
1279 1521 1519 1561 escendere.

387 1592 553 1640 Habes,
598 1592 754 1632 Serene
797 1592 1028 1641 carissime,
1071 1606 1179 1645 quae
1220 1592 1382 1645 possint
1413 1590 1754 1644 tranquillitatem
1787 1591 1902 1640 tueri,
1934 1601 1973 1633 12

267 1677 374 1716 quae
417 1663 656 1711 restituere,
700 1676 806 1714 quae
848 1663 1171 1716 subrepentibus
1214 1663 1320 1702 uitiis
1359 1663 1577 1702 resistant:
1623 1661 1721 1701 illud
1760 1667 1903 1701 tamen

267 1735 394 1782 scito,
439 1733 536 1773 nihil
580 1734 731 1773 horum
764 1733 864 1773 satis
897 1747 989 1773 esse
1021 1733 1205 1773 ualidum
1238 1747 1327 1773 rem
1360 1732 1593 1773 inbecillam
1626 1731 1902 1781 seruantibus‚

267 1805 341 1844 nisi
374 1806 533 1844 intenta
565 1810 607 1844 et
639 1805 814 1844 adsidua
846 1818 944 1844 cura
976 1805 1164 1844 circumit
1195 1804 1379 1844 animum
1412 1803 1639 1844 labentem.

268 1957 288 1990 ὃ
323 1958 463 1988 inomnis
614 1957 771 1989 libertatis
798 1955 926 2001 nul-(soz
955 1957 1087 1989 libertas
1207 1956 1228 1991 7
1263 1957 1382 1989 efficiet
1407 1957 1549 1999 quisquis
1574 1956 1696 1988 obiecit
1724 1956 1753 1988 ei
1779 1954 1898 1990 Koch:

268 2017 353 2048 effici
379 2020 409 2047 et
436 2016 484 2058 (in
511 2015 675 2060 maraine
701 2027 744 2048 m.
773 2016 792 2049 2
819 2027 897 2058 qsqs
923 2017 1046 2048 obiecit
1071 2015 1114 2059 et)
1241 2016 1282 2050 10
1309 2016 1488 2058 aliquando
1515 2015 1559 2061 do
1586 2019 1694 2047 tamen
1721 2016 1777 2056 (m.
1807 2025 1902 2049 corr.

269 2074 401 2109 deleuit
419 2074 435 2080 ”
454 2078 487 2109 el
513 2073 657 2108 addidit
682 2076 748 2106 ndo
776 2074 810 2108 in
833 2075 907 2119 fine
933 2085 1080 2112 uersus3
1119 2073 1244 2109 eadem
1271 2075 1313 2106 do
1340 2074 1376 2108 in
1403 2076 1557 2107 dotamen
1578 2073 1727 2119 punctis
1751 2073 1901 2115 notauit)

395 2134 578 2165 libertatem
605 2144 665 2175 que
796 2133 839 2167 v13
874 2144 1012 2175 compos
1138 2133 1178 2167 1ss
1213 2134 1427 2175 instinctuque
1453 2132 1669 2168 deteriores:
1699 2133 1899 2174 instinctusq3

400 2192 438 2225 17
472 2193 627 2233 grandius
653 2203 709 2224 ore
737 2194 904 2238 (praeter
929 2204 1009 2235 gran
1035 2192 1069 2226 in
1098 2192 1189 2236 νας.)
1314 2192 1356 2226 18
1383 2198 1459 2234 aput
1487 2196 1512 2233 (t
1538 2191 1573 2226 in
1600 2193 1621 2223 d
1647 2191 1758 2234 corr.)

270 2252 314 2284 20
340 2262 404 2293 quo
424 2249 642 2285 deteriores:
671 2253 760 2293 quod
882 2252 923 2285 21
952 2252 1121 2283 karissime
