1977 3231
638 136 689 160 DE
710 136 857 162 CODICE
878 134 1192 161 MEDIOLANENSI.
1598 135 1727 160 xxxin

223 232 560 284 Disputationem
595 233 647 271 de
679 232 832 270 codicis
864 232 1021 270 euentis
1044 232 1097 270 ad
1121 230 1244 270 finem
1268 231 1469 282 perduxi,
1506 231 1557 269 de
1580 233 1729 270 nostris

106 302 291 342 Senecae
333 303 386 341 ad
429 301 530 340 illius
573 301 699 340 fidem
743 302 991 340 emendandi
1032 301 1258 339 rationibus
1291 314 1422 352 pauca
1453 302 1619 340 addam.
1685 301 1727 340 ln

110 387 192 424 quo
226 386 377 424 genere
409 372 589 423 primum
624 373 1022 410 commemorandae
1055 376 1148 409 sunt
1192 370 1390 410 lectiones
1422 372 1520 409 satis
1564 371 1730 417 multae,

106 456 208 494 quas
240 449 284 481 ut
316 442 381 481 uel
413 456 543 481 nouas
577 442 641 480 uel
672 442 881 481 obliuione
925 443 1097 481 obrutas
1140 455 1193 480 ex
1237 442 1325 493 ipso
1369 442 1513 480 codice
1546 441 1729 493 proferre

105 512 265 559 liceret,
309 512 442 551 effecit
480 513 700 551 coniuncta
732 511 925 551 Italorum
962 518 1003 550 et
1034 511 1214 550 Fickerti
1245 511 1511 562 neglegentia
1584 512 1731 563 Neque

106 588 267 622 tantum
301 582 399 622 mihi
431 583 629 630 adsumo,
674 589 716 622 ut
749 583 872 634 siquis
905 582 970 621 uel
1011 583 1144 620 minus
1186 587 1297 620 recte
1339 582 1551 633 quidpiam
1586 581 1730 633 legerit

107 653 171 692 uel
214 666 339 691 unum
383 653 611 692 alterumue
661 654 833 692 uerbum
877 653 1121 692 intercidere
1162 666 1306 704 passus
1354 653 1405 691 sit
1449 652 1512 690 uel
1555 654 1729 691 inmuta-

107 724 209 763 uerit
253 724 442 763 ordinem
486 723 806 771 uocabulorum,
849 730 1073 776 propterea
1115 736 1211 762 eum
1253 723 1352 761 odio
1401 729 1442 762 et
1485 729 1730 774 contemptu

105 795 442 846 persequendum
476 808 566 833 esse
599 808 814 841 censeam,
856 794 938 833 hoc
971 795 1086 841 dico,
1129 807 1178 832 ea
1215 807 1322 845 quae
1355 793 1392 831 in
1426 793 1570 832 codice
1602 794 1725 832 mani-

106 864 211 904 festo
243 865 618 917 deprehendantur,
652 879 745 904 cum
770 865 834 904 uel
867 866 904 904 in
928 864 1066 904 multis
1099 864 1163 903 uel
1196 865 1233 903 in
1266 864 1448 916 plurimis
1481 863 1731 903 editionibus

106 949 190 974 non
233 936 366 974 minus
398 941 510 974 reete
551 937 704 989 scripta
745 936 845 983 sint,
888 949 1055 987 prorsus
1088 935 1328 974 oblitterare
1367 941 1407 973 et
1440 935 1555 986 quasi
1588 934 1730 972 restin-

107 1019 246 1057 guere,
278 1020 362 1045 non
395 1005 542 1045 cadere
575 1007 614 1045 in
647 1007 852 1046 editorem
887 1006 1137 1058 diligentem.
1203 1004 1326 1044 Cuius
1353 1006 1521 1057 quidem
1556 1005 1733 1043 criminis

107 1090 233 1129 quam
275 1089 400 1128 saepe
438 1076 604 1115 Fickert
647 1078 916 1116 conuincatur
957 1090 1051 1116 eum
1086 1076 1411 1115 commentarius
1453 1082 1596 1114 noster
1635 1075 1732 1114 satis

108 1148 272 1195 doceat,
305 1146 430 1186 doleo
463 1161 514 1186 ne
548 1147 748 1186 Haasium
782 1148 950 1199 quidem
985 1147 1213 1186 accuratius
1246 1153 1407 1185 ueteres
1441 1146 1641 1184 editiones
1675 1147 1729 1184 in-

110 1218 268 1270 spicere
300 1217 478 1257 uoluisse
501 1224 542 1257 et
564 1218 598 1257 F
601 1218 744 1257 ickerti
777 1217 872 1257 fidei
906 1218 1213 1269 emancipatum
1236 1231 1343 1268 quae
1371 1216 1436 1255 ille
1458 1217 1735 1255 commisisset

109 1288 324 1328 dimidiata
365 1288 485 1341 culpa
529 1290 568 1327 in
610 1303 654 1328 se
696 1288 962 1329 transtulisse.
1033 1287 1138 1327 Sunt
1180 1287 1284 1327 haec
1325 1289 1487 1333 onmia,
1531 1293 1575 1326 ut
1618 1286 1733 1325 facile

108 1361 420 1411 perspiciantur,
442 1360 540 1400 satis
563 1360 601 1398 in
624 1360 928 1399 commentario
950 1358 1190 1411 significata,
1224 1358 1290 1398 hic
1312 1359 1457 1397 iterare
1480 1371 1585 1410 quae
1607 1357 1732 1395 liben-

108 1431 188 1469 tius
220 1430 390 1469 omnino
422 1430 584 1470 silentio
617 1431 903 1482 praeterirem,
936 1431 1203 1482 supersedeo.
1270 1429 1368 1481 Quo
1402 1429 1534 1479 magis
1567 1428 1734 1467 iuuabat

111 1513 204 1539 cum
237 1499 490 1540 felicissimas
528 1502 731 1553 quasdam
775 1501 1030 1540 coniecturas
1063 1499 1311 1548 Woelfflini,
1345 1499 1494 1546 Haasi‚
1540 1498 1733 1548 Maduigi,

111 1570 262 1618 Gertzi,
295 1571 468 1610 aliorum
503 1573 733 1611 certissimo
767 1572 920 1611 codicis
953 1571 1106 1611 lumine
1139 1570 1372 1610 inlustratas
1406 1577 1447 1609 et
1469 1569 1734 1608 confirmatas

110 1641 306 1680 uidebam
342 1642 407 1680 uel
439 1655 532 1681 cum
567 1643 640 1695 ipsi
673 1649 718 1682 ut
752 1643 903 1681 eodem
943 1642 1048 1681 duce
1091 1649 1131 1680 et
1174 1647 1344 1680 auctore
1387 1640 1555 1679 uolnera
1598 1639 1735 1678 adhuc

111 1711 174 1750 uel
207 1719 354 1763 operta
397 1713 461 1751 uel
503 1719 650 1764 aperta
692 1719 736 1752 ut
777 1726 967 1752 sanarem
1012 1713 1295 1764 contingebat.
1359 1710 1555 1750 Ceterum
1597 1724 1663 1749 me
1696 1711 1734 1747 in

109 1782 198 1834 ipsa
229 1781 415 1822 Senecae
455 1785 644 1823 oratione
677 1781 969 1823 constit‘uenda
1000 1789 1202 1835 quantum
1245 1782 1331 1821 fieri
1373 1783 1509 1834 potuit
1542 1788 1661 1820 caute
1695 1786 1735 1819 et

110 1854 408 1905 circumspecte
451 1861 662 1894 uersatum
706 1868 796 1894 esse
838 1868 1002 1894 summa
1044 1854 1126 1893 fide
1168 1853 1391 1892 adfirmare
1434 1852 1550 1899 licet,
1594 1854 1648 1891 ita
1693 1860 1735 1890 ut

110 1924 289 1963 eundem
332 1938 427 1964 eum
469 1927 508 1964 in
551 1932 740 1965 ueterum
787 1926 1032 1965 coniecturis
1083 1938 1257 1977 quarum
1302 1924 1521 1963 latissimus
1565 1922 1732 1961 laetis-si<

112 2007 285 2046 musque
317 1996 490 2047 patebat
523 2010 715 2048 campus,
757 2002 846 2035 tum
879 1997 918 2035 in
951 1997 1228 2035 recentiorum
1262 1995 1446 2046 meisque
1478 1995 1603 2046 ipsius
1636 1996 1733 2032 reci-

109 2065 268 2116 piendis
300 2067 502 2105 tenuerim
535 2081 700 2106 cursum
733 2073 857 2119 atque
890 2068 997 2106 adeo
1030 2066 1141 2106 haud
1175 2080 1268 2105 raro
1302 2079 1351 2105 ea
1373 2079 1481 2117 quae
1503 2065 1733 2103 reiectanea

113 2148 203 2174 esse
224 2135 444 2176 manifesto
467 2144 697 2190 appareret,
730 2140 900 2178 omnino
924 2151 1008 2176 non
1040 2136 1471 2176 commemorauerim.
1539 2135 1737 2173 Rationes

112 2207 234 2258 ipsas,
265 2206 414 2258 quibus
447 2208 486 2246 in
517 2208 686 2259 singulis
719 2208 819 2248 locis
853 2209 999 2247 ductus
1031 2221 1143 2254 sum,
1187 2208 1260 2247 nisi
1303 2208 1343 2246 in
1375 2220 1418 2245 re
1450 2207 1666 2258 perspicua
1698 2211 1738 2243 et

112 2276 165 2314 ab
198 2276 283 2316 aliis
317 2277 380 2316 uel
414 2291 438 2317 a
470 2291 537 2317 me
569 2279 658 2330 ipso
691 2279 789 2317 satis
812 2278 1032 2331 explicata,
1065 2279 1309 2317 breuissime
1333 2278 1532 2324 enarraui,
1565 2275 1737 2315 aliorum

114 2360 220 2398 quae
253 2349 387 2388 minus
418 2348 652 2400 placebant,
686 2363 769 2388 non
803 2351 937 2388 minus
969 2349 1148 2388 breuiter
1180 2347 1362 2387 refutaui.

232 2417 317 2458 Sed
350 2418 453 2459 haec
484 2420 697 2460 hactenus.
759 2421 908 2459 Restat
939 2421 1147 2459 succincta
1180 2420 1232 2458 de
1265 2417 1552 2457 consolatione
1585 2418 1637 2455 ad
1662 2417 1736 2454 l'o-

114 2488 273 2538 lybium
317 2489 558 2530 admonitio.
622 2490 689 2530 Ac
731 2490 909 2543 primum
953 2503 1047 2529 eam
1090 2489 1301 2528 Gertzium
1345 2494 1509 2527 secutus
1541 2489 1579 2527 in
1613 2486 1739 2525 finem

115 2559 254 2607 reieci,
297 2567 341 2600 ut
383 2574 527 2600 eorum
571 2561 855 2613 dialogorum,
899 2562 967 2612 qui
1005 2561 1151 2599 codice
1184 2559 1471 2599 Ambrosiano
1503 2560 1739 2604 niterentur,

115 2637 317 2682 perpetua
349 2639 459 2671 esset
491 2633 756 2671 continuatio.
822 2631 1128 2671 Consolationis
1170 2636 1310 2669 autem
1352 2629 1454 2669 illius
1499 2642 1593 2668 cum
1634 2627 1737 2667 Am-

116 2700 331 2742 brosianus
383 2704 456 2742 nisi
518 2703 707 2755 reliquias
765 2702 982 2741 nonnullas
1035 2715 1187 2753 easque
1249 2702 1481 2740 admOdurn
1546 2700 1741 2739 euanidas

118 2773 319 2823 praebeat
350 2774 457 2821 nihil,
491 2775 628 2813 reiecti
661 2787 802 2812 sumus
825 2773 877 2811 ad
901 2773 1119 2812 deterioris
1141 2772 1295 2811 ordinis
1318 2772 1494 2810 codices.
1537 2770 1572 2809 κζ
1595 2770 1743 2822 quibus

118 2844 304 2884 omnium
337 2844 486 2884 iudicio
518 2844 918 2896 praestantissimum
942 2842 1251 2882 Berolinensem
1275 2855 1379 2881 saec.
1403 2841 1516 2880 XIV.
1543 2846 1585 2879 ut
1619 2853 1742 2879 manu

1444 2921 1461 2941 C
