1977 3231
629 127 734 155 DIAL.
757 128 791 155 V.
834 128 883 153 DE
905 128 971 154 IRA
993 129 1063 155 LIB.
1087 129 1139 156 111.
1179 130 1204 155 6.
1227 131 1252 156 7.
1697 134 1746 172 91

127 225 418 278 tranquillitas,
461 226 492 264 si
535 238 669 276 neque
712 226 903 276 priuatim
947 239 1080 277 neque
1122 225 1285 278 publice
1331 227 1462 265 multa
1493 232 1562 265 aut
1596 227 1753 266 maiora

127 296 279 335 uiribus
320 297 472 335 nostris
504 297 749 351 egerimus„
795 309 1023 347 numquam
1066 302 1153 335 tam
1197 295 1363 336 feliciter
1406 298 1444 335 in
1499 296 1628 336 multa
1670 297 1750 335 dis-

125 358 302 406 currenti
344 365 532 418 negotia*
558 367 646 405 dies
689 368 857 413 transit,
901 373 946 405 ut
978 380 1061 405 non
1105 373 1176 406 aut
1208 380 1262 405 ex
1296 367 1466 407 homine
1508 374 1578 406 aut
1623 380 1676 405 ex
1709 380 1752 406 re

88 437 283 476 'offensa
326 442 537 483 nascatur,
593 450 698 489 quae
750 438 932 475 animum
986 439 1024 476 in
1066 439 1144 476 iras
1187 444 1317 488 paret.
1389 438 1749 489 quemadmodum

123 520 197 559 per
228 506 457 559 frequentia
498 507 608 546 urbis
652 506 745 546 loca
787 510 1024 559 properanti
1068 509 1106 547 in
1140 507 1295 547 multos
1327 509 1653 547 incursitandum
1687 514 1751 547 est
1771 524 1785 547 5

124 584 164 617 et
207 577 330 616 aliubi
373 577 456 617 labi
498 591 669 616 necesse
712 584 793 625 est,
835 577 957 617 aliubi
991 579 1171 625 retineri,
1215 577 1339 617 aliubi
1372 581 1575 631 respergi:
1623 580 1678 617 ita
1710 579 1750 617 in

122 647 204 687 hoc
256 649 365 687 uitae
419 655 514 687 actu
558 649 761 700 dissipato
805 654 847 687 et
891 661 1000 699 uago
1054 648 1185 688 multa
1235 650 1541 700 inpedimenta,
1594 648 1750 687 multae

121 718 330 770 querellae
362 719 557 758 incidunt.
622 718 723 757 alius
755 732 872 771 spem
906 726 1094 758 nostram
1128 718 1276 761 fefellit,
1310 719 1411 757 alius
1445 719 1618 767 distulit,
1650 718 1749 758 alius

76 802 85 831 ῑ
122 791 354 842 intercepit.
418 797 501 828 non
547 803 601 828 ex
646 790 856 828 destinato
902 791 1119 841 proposita
1162 789 1382 829 fluxerunt.
1444 789 1541 828 nulli
1584 789 1749 829 fortuna

121 867 207 899 tam
243 861 384 899 dedita
417 866 497 906 est,
541 866 585 899 ut
629 859 759 899 multa
791 862 1016 911 temptanti
1050 860 1203 911 ubique
1241 860 1505 912 respondeat.
1564 862 1749 912 sequitur
1772 874 1801 897 ιο

121 943 235 981 ergo,
269 936 312 969 ut
345 932 377 969 is
401 930 633 969 01110011113
667 944 792 981 quam
816 936 1093 983 proposuerat
1125 930 1261 982 aliqua
1289 937 1513 977 cesserunt,
1546 932 1748 981 inpatiens

120 1000 338 1040 hominum
371 1013 593 1052 rerumque
625 1002 694 1048 sit,
738 1014 791 1039 ex
823 1000 1041 1040 leuissimis
1074 1003 1204 1040 causis
1237 1003 1435 1040 irascatur
1465 1014 1573 1039 nunc
1605 1014 1746 1052 perso-

83 1083 92 1113 :
119 1084 218 1118 nae,
257 1084 365 1110 nunc
396 1073 590 1122 negotio,
634 1085 742 1110 nunc
774 1071 891 1118 loco,
924 1085 1032 1110 nunc
1063 1071 1271 1118 fortunae,
1321 1085 1427 1110 nunc
1459 1059 1546 1109 sibi.
1609 1072 1748 1123 itaque

119 1147 162 1181 ut
204 1142 366 1193 quietus
408 1142 541 1193 possit
574 1155 664 1180 esse
697 1142 876 1188 animus,
919 1155 1003 1180 non
1047 1148 1110 1181 est
1155 1143 1369 1181 iactandus
1401 1155 1477 1180 nec
1510 1141 1746 1189 multarum,

120 1219 163 1252 ut
204 1213 313 1259 dixi,
357 1225 492 1251 rerum
536 1218 631 1251 actu
684 1211 920 1264 fatigandus
964 1225 1040 1251 1160
1092 1225 1340 1263 magnarum
1393 1226 1600 1264 supraque
1642 1213 1798 1251 11116515

118 1284 413 1335 adpetitarum.
484 1281 601 1321 facile
644 1288 707 1322 est
752 1282 858 1322 leuia
899 1289 1046 1334 aptare
1088 1282 1315 1333 ceruicibus
1359 1288 1401 1321 et
1444 1283 1482 1320 in
1525 1282 1631 1321 hanc
1676 1289 1746 1321 aut

118 1353 230 1392 illam
264 1359 427 1404 partem
462 1352 684 1392 transferre
706 1355 794 1392 sine
815 1352 956 1404 lapsu:
995 1360 1037 1392 at
1069 1367 1175 1405 quae
1202 1353 1343 1392 alienis
1375 1355 1413 1392 in
1446 1366 1523 1391 nos
1557 1352 1746 1391 manibus

118 1425 296 1476 inposita
338 1418 461 1476 aegre
504 1425 778 1471 sustinemus,
828 1425 924 1463 uicti
956 1426 995 1463 in
1028 1438 1263 1475 proxumos
1297 1424 1556 1462 effundimus.
1619 1425 1744 1462 etiam

117 1495 216 1533 dum
249 1501 409 1534 stamus
441 1494 517 1533 sub
550 1496 720 1538 sarcina.
754 1496 917 1546 inpares
950 1497 1064 1533 oneri
1099 1494 1338 1533 uacillamus

234 1564 324 1603 VII.
374 1565 491 1603 Idem
534 1565 722 1604 accidere
763 1566 803 1603 in
845 1565 970 1603 rebus
1023 1565 1209 1603 ciuilibus
1253 1578 1302 1604 30
1345 1565 1586 1603 domesticis
1627 1565 1743 1602 scias.
1765 1577 1798 1601 20

115 1636 286 1687 negotia
318 1636 521 1686 expedita
553 1642 595 1674 et
628 1634 781 1674 habilia
813 1641 1040 1687 sequuntur
1072 1642 1283 1674 actorem:
1331 1636 1513 1686 ingentia
1546 1641 1588 1673 et
1619 1647 1744 1685 supra

116 1718 353 1744 mensuram
377 1707 559 1757 gerentis
582 1719 657 1744 nec
681 1706 783 1745 dant
815 1719 860 1744 56
893 1705 1010 1744 facile
1042 1712 1094 1752 et,
1127 1707 1159 1744 si
1182 1712 1389 1756 occupata
1410 1711 1516 1751 sunt,
1547 1710 1744 1757 premunt

115 1782 240 1828 atque
282 1777 497 1815 adducunt
551 1776 913 1815 administrantem
966 1778 1179 1828 tenerique
1229 1778 1312 1815 iam
1366 1777 1452 1814 uisa
1504 1789 1598 1814 011111
1634 1777 1742 1827 Apso

115 1847 295 1886 cadunt:
342 1848 399 1886 ita
441 1846 508 1894 fit,
554 1853 598 1886 ut
641 1846 878 1898 frequenter
920 1849 1039 1886 inrita
1081 1848 1134 1886 sit
1167 1848 1253 1885 eius
1293 1846 1506 1893 uoluntas,
1548 1847 1616 1898 qui
1660 1858 1743 1884 non

114 1931 221 1969 quae
252 1917 387 1957 facilia
418 1924 512 1957 sunt
545 1918 810 1969 adgreditur,
853 1918 927 1956 sed
972 1917 1059 1956 uult
1091 1915 1223 1956 facilia
1255 1930 1345 1956 esse
1377 1931 1483 1969 quae
1509 1917 1742 1975 ’adgressus
1763 1934 1795 1959 -25

68 2003 83 2031 ζ
115 1994 187 2027 651.
232 1990 423 2040 quotiens
456 1988 609 2040 aliquid
643 1987 871 2033 conaberis,
904 1994 947 2027 te
975 1987 1096 2027 simul
1128 1994 1170 2028 et
1202 2001 1251 2026 ea
1283 2001 1389 2040 quae
1422 2001 1543 2038 paras
1575 1986 1740 2039 quibus-

114 2072 193 2110 que
224 2060 383 2110 pararis
414 2060 504 2110 ipse
536 2060 694 2098 metire.
738 2057 860 2097 faciet
893 2060 1001 2097 enim
1035 2065 1078 2097 te
1103 2072 1296 2110 asperum
1319 2059 1574 2109 paenitentia
1606 2058 1742 2109 operis

114 2128 263 2169 infecti.
316 2129 397 2168 hoc
428 2131 602 2169 interest
633 2135 771 2168 utrum
805 2130 895 2180 quis
927 2129 1072 2168 feruidi
1105 2131 1158 2168 sit
1189 2131 1326 2180 ingeni
1366 2143 1417 2167 an
1450 2128 1583 2179 frigidi
1617 2134 1742 2180 atque

113 2199 301 2239 humilis:
361 2213 568 2251 generoso
623 2199 787 2250 repulsa
838 2201 940 2238 iram
994 2201 1224 2251 exprimet,
1291 2199 1488 2251 languido
1540 2200 1741 2250 inertique

119 2317 128 2349 1
161 2318 187 2347 si
213 2328 315 2358 neque
342 2315 466 2360 mdsm:
496 2317 563 2346 sine
589 2327 652 2357 quo
782 2317 801 2349 (j
830 2316 928 2346 aliubi
955 2314 1104 2348 Fl'clcert
1130 2325 1179 2348 6oe
1205 2314 1338 2351 codice,
1366 2316 1485 2346 alicubi
1512 2315 1622 2359 ‘Halyn

114 2386 134 2413 ἃ
160 2387 289 2428 querele
316 2387 359 2428 (le
385 2396 491 2425 corn,
515 2384 589 2429 fnit
613 2386 669 2426 lle)
799 2370 968 2427 aliusspem
998 2394 1025 2425 (s
1047 2384 1135 2428 sors.
1164 2396 1207 2417 m.
1229 2388 1304 2429 pr.)
1451 2385 1487 2417 10
1514 2388 1548 2417 ta
1575 2385 1622 2427 (in
1652 2388 1739 2419 rum

231 2446 268 2477 lli
296 2446 481 2487 appetitarsi
509 2445 627 2490 (prior
654 2456 673 2486 p
700 2446 811 2487 corr.)
923 2445 961 2477 l?
989 2449 1019 2475 at
1049 2445 1173 2485 (corr.)
1296 2444 1331 2477 lS
1360 2445 1389 2475 in
1418 2445 1582 2485 proximos
1612 2442 1680 2476 Εἲς
1711 2445 1741 2474 111

671 2494 680 2513 t

116 2550 238 2581 ,pxumo
359 2540 402 2572 ‘23
431 2543 503 2581 atq3
534 2538 618 2582 (suit
644 2529 727 2581 a{{q;
758 2537 887 2572 deiude
912 2548 962 2572 ex
988 2539 1008 2569 d
1030 2537 1134 2581 facta
1161 2539 1185 2579 t)
1301 2539 1464 2569 adducunt
1492 2537 1618 2582 Nam„
1645 2536 1744 2581 quad

115 2602 211 2631 recle
237 2597 382 2642 Lipsius
409 2599 618 2636 contrahunt,
646 2599 813 2629 inem-nant
840 2597 1116 2641 2'71l‹.’7777·elatm';
1153 2598 1314 2628 abducunt
1342 2607 1418 2629 cum
1447 2595 1569 2629 codice
1599 2595 1741 2629 Flclscr!

115 2660 149 2689 et
183 2654 324 2695 Haase,
363 2655 462 2700 quod
494 2654 794 2699 quemadmodum
830 2666 907 2688 cum
944 2661 1089 2697 premunt
1122 2655 1312 2688 conueniat
1343 2666 1412 2688 mm
1449 2662 1599 2699 appare(

114 2715 368 2746 {ministrantem
399 2716 434 2756 (51
460 2716 569 2755 corr.)
700 2715 743 2747 25»
773 2715 880 2745 facilia
909 2714 954 2757 (ia
981 2714 1091 2755 corr.)
1222 2715 1409 2755 aggreditur
1437 2714 1554 2758 (prior
1580 2726 1601 2753 g
1629 2713 1738 2746 corr.)

240 2784 408 2814 aggressus
435 2778 479 2804 est
507 2773 628 2817 (prior
653 2784 675 2814 g
701 2772 811 2808 corr.)
944 2774 988 2805 ‘213
1016 2773 1137 2813 aliquid
1165 2773 1199 2809 (d
1226 2782 1275 2805 ea·
1303 2777 1312 2803 t
1339 2772 1448 2813 corr.)
1571 2774 1614 2805 ‘38
1641 2773 1738 2812 igcnii

116 2836 139 2863 <i
167 2832 277 2872 corr.)
375 2837 442 2873 atq3
474 2833 520 2873 (q;
551 2832 660 2868 corr.)
