1977 3231
26 1236 45 1268 (ὗ

378 137 562 166 DlAL.v11.
600 139 652 164 AD
674 139 908 166 GALLIONEM
930 141 981 166 DE
1001 141 1093 169 VITA
1115 143 1253 172 BEATA.
1295 146 1333 170 11.
1359 145 1400 171 12.
1625 151 1702 189 165

78 241 277 276 terrarum
321 248 369 274 ac
411 235 556 283 maris,
602 241 646 275 ut
687 235 751 275 isti
793 243 967 285 uocant,
1009 240 1122 280 bona
1164 242 1460 293 concoquentis
1503 247 1543 281 et
1580 256 1704 295 super

79 319 266 346 mensam
289 307 626 358 recognoscentis
649 308 834 347 omnium
858 311 1044 359 gentium
1070 311 1269 350 animalia.
1313 312 1407 351 uide
1429 312 1507 352 hos
1529 314 1703 352 eosdem

78 390 101 416 e
144 382 342 428 suggestu
384 389 504 415 rosae
545 378 770 429 spectantis
812 379 1010 430 popinam
1051 394 1189 428 suam,
1232 395 1351 421 aures
1393 396 1543 422 uocum
1585 397 1702 431 sono,

76 446 321 500 spectaculis
353 446 517 495 oculos,
560 448 778 499 saporibus
810 448 994 501 palatum
1027 464 1146 490 suum
1179 451 1445 492 delectantes.
1509 453 1701 493 mollibus

76 517 316 569 lenibusque
357 516 550 557 fomentis
592 524 729 558 totum
773 518 986 564 lacessitur
1028 534 1172 560 eorum
1218 535 1368 574 corpus
1411 529 1452 562 et
1493 537 1544 563 ne
1581 538 1700 564 nares

76 588 236 627 interim
270 594 443 635 cessent,
476 589 674 628 odoribus
707 590 825 629 uariis
858 590 1032 629 inficitur
1062 590 1176 630 locus
1209 592 1305 644 ipse,
1339 593 1378 631 in
1410 607 1493 645 quo
1518 593 1703 635 luxuriae

51 650 339 712 ‘parentaturz
385 657 462 698 hos
505 672 596 698 esse
633 661 674 699 in
706 659 990 713 uoluptatibus
1024 662 1147 701 dices.
1210 676 1286 701 nec
1317 670 1457 703 tamen
1490 663 1563 704 illis
1595 664 1703 705 bene

75 729 161 777 erit,
193 731 290 780 quia
321 743 405 768 non
437 729 553 769 bono
586 731 784 782 gaudent.

191 800 280 840 XII.
344 799 478 847 Male,
517 801 670 852 inquit,
709 800 785 840 illis
830 801 925 849 erit,
969 802 1065 853 quia
1096 802 1226 842 multa
1258 805 1552 853 interuenient,
1594 820 1700 858 quae

74 870 317 923 perturbent
369 871 576 918 animum,
629 877 670 910 et
723 872 938 924 opiniones
990 872 1095 912 inter
1145 886 1189 912 se
1241 875 1472 916 contrariae
1516 882 1700 916 mentem

74 941 371 993 inquietabunt.
440 942 554 993 quod
605 942 660 981 ita
707 955 797 981 esse
845 943 1045 982 concedo.
1114 945 1188 984 sed
1231 944 1492 986 nihilominus
1535 946 1585 985 illi
1628 947 1701 999 ipsi

73 1011 185 1052 stulti
218 1018 259 1051 et
289 1011 526 1063 inaequales
558 1018 600 1051 et
631 1013 707 1051 sub
731 1012 813 1052 ictu
835 1013 1111 1066 paenitentiae
1132 1015 1256 1067 positi
1279 1028 1453 1066 magnas
1475 1018 1701 1069 percipient

73 1082 321 1135 uoluptates,
353 1089 399 1122 ut
430 1081 645 1122 fatendum
678 1083 729 1122 sit
761 1089 847 1122 tam
881 1082 1005 1135 longe
1038 1090 1126 1123 tum
1159 1085 1249 1124 illos
1282 1086 1335 1125 ab
1369 1089 1482 1127 omni
1512 1087 1701 1127 molestia

73 1154 221 1193 abesse
251 1167 377 1206 quam
410 1167 434 1192 a
465 1153 578 1192 bona
610 1160 774 1202 mente,
814 1160 855 1194 et
886 1155 1001 1206 quod
1033 1155 1241 1208 plerisque
1273 1158 1495 1209 contingit,
1529 1158 1700 1198 hilarem

72 1224 270 1263 insaniam
292 1225 468 1263 insanire
490 1237 538 1264 ac
559 1238 634 1276 per
655 1225 780 1264 risum
803 1224 948 1264 furere.
1001 1231 1043 1265 at
1067 1233 1213 1266 contra
1234 1228 1479 1279 sapientium
1504 1231 1701 1269 remissae

72 1294 307 1348 uoluptates
347 1300 388 1334 et
420 1296 639 1334 modestae
671 1308 719 1334 ac
750 1308 883 1347 paene
915 1295 1136 1347 languidae
1168 1303 1262 1337 sunt
1296 1311 1627 1352 conpressaeque
1660 1305 1702 1339 et

72 1366 143 1404 uix
175 1364 397 1413 notabiles,
430 1372 474 1404 ut
506 1379 614 1417 quae
645 1379 780 1418 neque
813 1367 1037 1406 accersitae
1070 1368 1235 1407 ueniant
1267 1381 1364 1416 nec,
1406 1371 1595 1421 quamuis
1627 1384 1701 1423 per

71 1449 116 1475 se
159 1436 425 1484 accesserint,
478 1436 517 1475 in
558 1436 719 1476 honore
763 1437 843 1476 sint
884 1450 1019 1490 neque
1063 1437 1145 1477 ullo
1189 1439 1343 1490 gaudio
1388 1441 1699 1492 percipientium

72 1512 288 1558 exceptae.
341 1507 515 1546 miscent
548 1507 656 1546 enim
689 1507 776 1547 illas
808 1513 850 1547 et
882 1508 1149 1560 interponunt
1179 1509 1287 1548 uitae
1311 1515 1354 1548 ut
1376 1510 1520 1549 ludum
1544 1511 1698 1550 iocum-

71 1591 153 1630 que
195 1578 300 1617 inter
342 1578 457 1617 seria.
520 1577 710 1617 desinant
754 1592 855 1630 ergo
898 1579 1228 1619 inconuenientia
1269 1580 1437 1632 iungere
1480 1587 1521 1620 et
1563 1582 1700 1621 uirtuti

72 1647 331 1701 uoluptatem
366 1648 570 1700 inplicare,
602 1662 676 1701 per
698 1650 813 1701 quod
838 1649 979 1688 uitium
1002 1649 1190 1701 pessimis
1213 1650 1446 1703 quibusque
1468 1651 1698 1693 adulantur.

71 1718 137 1758 ille
173 1717 328 1758 effusus
360 1719 400 1757 in
432 1719 691 1772 uoluptates,
735 1720 1018 1759 ructabundus
1051 1734 1217 1773 semper
1249 1727 1372 1773 atque
1405 1721 1562 1770 ebrius,
1605 1723 1700 1775 quia

71 1790 147 1829 scit
189 1803 234 1828 se
277 1803 371 1830 cum
404 1790 620 1843 uoluptate
653 1791 812 1838 uiuere,
855 1791 985 1830 credit
1018 1798 1059 1831 et
1091 1805 1185 1831 cum
1218 1793 1379 1832 uirtute.
1443 1793 1558 1832 audit
1589 1794 1698 1833 enim

73 1861 333 1913 uoluptatem
365 1862 547 1913 separari
579 1874 603 1900 a
635 1863 785 1900 uirtute
817 1875 901 1900 non
934 1875 1069 1914 posse.
1124 1863 1275 1902 deinde
1308 1863 1412 1902 uitiis
1435 1863 1516 1902 suis
1538 1864 1698 1916 sapien-

72 1932 172 1971 tiam
215 1931 397 1971 inscribit
439 1938 480 1971 et
522 1931 822 1971 abscondenda
852 1932 1080 1985 profitetur.
1143 1933 1282 1985 itaque
1314 1947 1396 1972 non
1430 1934 1483 1973 ab
1517 1933 1698 1987 Epicuro

72 2001 217 2054 inpulsi
247 2001 517 2050 luxuriantur,
550 2003 625 2041 sed
658 2002 763 2042 uitiis
795 2002 923 2042 dediti
955 2002 1160 2043 luxuriam
1193 2017 1310 2042 suam
1343 2004 1381 2042 in
1413 2003 1701 2058 philosophiae

72 2073 160 2112 sinu
193 2073 458 2113 abscondunt
489 2079 530 2112 et
562 2087 613 2112 eo
646 2079 907 2121 concurrunt,
940 2073 1008 2112 ubi
1040 2074 1209 2113 audiant
1241 2074 1397 2114 laudari
1429 2074 1701 2127 uoluptatem.

72 2157 149 2182 nec
180 2144 420 2191 aestimant,
455 2143 646 2197 uoluptas
678 2143 744 2183 illa
776 2143 962 2196 Epicuri,
1007 2145 1063 2183 ita
1095 2145 1203 2183 enim
1238 2159 1305 2184 me
1337 2145 1524 2185 hercules
1556 2146 1701 2194 sentio,

71 2227 196 2266 quam
229 2214 369 2254 sobria
400 2227 448 2253 ac
479 2215 587 2253 sicca
618 2215 680 2262 sit,
712 2215 788 2253 sed
821 2215 874 2253 ad
897 2228 1052 2254 nomen
1074 2215 1208 2267 ipsum
1232 2215 1432 2255 aduolant
1454 2223 1700 2268 quaerentes

81 2377 89 2408 l
129 2381 366 2419 concoquentes
399 2376 478 2411 cod.
513 2379 728 2419 conquirentis
764 2377 871 2423 ΝΜΖ-(χο
1063 2380 1082 2411 ’ό
1123 2390 1139 2409 e
1173 2383 1322 2420 suggestu
1359 2389 1450 2410 rosae
1487 2378 1699 2424 Gronom'ecs,

73 2437 246 2477 spectantis
279 2435 448 2470 Fickert:
490 2446 712 2469 7succcssuros
747 2438 944 2478 expectantis
972 2438 1004 2478 (7
1033 2436 1174 2477 iuras.)
1320 2436 1338 2470 'f
1375 2438 1435 2468 hos
1469 2450 1536 2470 esse
1563 2437 1697 2482 Ncup.:

73 2495 138 2526 hoc
165 2506 232 2526 esse
369 2494 389 2527 9
424 2497 632 2527 interuenient
661 2494 790 2529 Gertz:
821 2497 901 2527 inter
928 2496 1057 2527 ueniunt
1192 2496 1227 2529 11
1266 2497 1495 2527 nichilominus
1522 2497 1639 2539 (minus
1666 2497 1700 2529 in

1191 2555 1310 2586 isanire

74 2588 160 2629 ras.)
287 2589 327 2622 12
361 2590 534 2630 penitentie
660 2589 698 2623 13
734 2590 862 2631 longe-x»
989 2590 1026 2622 1ἵ)
1063 2590 1190 2622 insania
1431 2591 1560 2622 remisse

82 2646 119 2679 16
154 2658 373 2689 compresseq3
541 2648 581 2681 17
617 2653 711 2690 utque
863 2649 1013 2688 arcersit«)
1183 2648 1218 2681 18
1254 2650 1445 2681 accesserint
1480 2648 1696 2683 deleriorcs:

75 2706 269 2736 accerserint
302 2717 411 2747 neqw:
559 2706 600 2740 19
635 2708 812 2749 iocumqpx-
980 2707 1018 2740 ⁴31
1059 2707 1240 2748 quil)usq;÷
1407 2708 1450 2740 ⁴3⁴?
1486 2709 1701 2739 ructabundus

1560 2774 1566 2789 Ι

75 2797 238 2843 Lipsius:
276 2801 496 2842 ruptabundus
523 2800 557 2844 (u
576 2811 637 2845 pr.
665 2800 699 2834 in
728 2802 815 2850 ras.)
938 2800 981 2833 223
1015 2812 1048 2832 se
1074 2805 1115 2833 cu
1153 2800 1200 2844 (in
1227 2802 1314 2843 ras.)
1438 2801 1482 2835 24
1509 2802 1582 2832 uitis

76 2858 120 2891 28
146 2859 295 2890 estimant

1726 890 1754 913 11)

1721 1594 1735 1618 '2

1739 1250 1753 1265 ,Ἰ

1739 1596 1753 1617 (l

1720 1946 1752 1971 25
