1977 3231
545 125 646 151 Dim„
670 126 703 150 v.
743 127 794 152 DE
816 128 882 153 ii-tA
905 129 974 156 ΜΒ.
999 131 1050 158 111.
1089 134 1131 158 223.
1153 135 1196 160 -ιτ,
1217 136 1261 160 25.
1635 144 1712 181 109

92 217 189 258 mihi
230 219 390 268 nocuit,
436 234 516 272 ego
559 221 613 261 illi
656 225 855 264 nondum.
918 227 992 266 sed
1025 228 1104 267 iam
1138 229 1315 282 aliquem
1350 231 1522 273 fortasse
1554 233 1714 275 laesisti.

89 289 164 328 sed
206 288 357 330 laedes.
420 291 503 331 noli
546 300 780 350 aestumare
821 294 928 336 hanc
969 296 1117 338 horam
1151 307 1221 340 aut
1252 301 1361 341 hunc
1393 303 1515 345 diem.
1578 311 1712 346 totum

89 359 242 412 inspice
275 362 425 401 mentis
457 368 553 402 tuae
581 362 795 404 habitum:
833 366 993 407 etiamsi
1015 368 1111 408 nihil
1135 370 1230 410 111311
1252 371 1392 421 fecisti,
1424 381 1546 426 potes
1568 375 1713 416 facere.

205 430 381 470 XXVII.
445 432 615 484 Quanto
667 436 792 475 satius
834 443 897 476 est
938 451 1083 478 sanare
1135 440 1318 481 iniuriam
1371 458 1497 495 quam
1550 446 1712 487 ulcisci?

87 500 261 540 multum
295 504 496 555 temporis
529 504 628 544 ultio
662 505 860 555 absumit,
895 507 1033 548 multis
1065 524 1110 549 se
1141 511 1290 552 iniuriis
1323 514 1467 563 obicit,
1501 517 1600 556 dum
1633 530 1748 559 una-'³

85 570 211 610 dolet.
275 572 425 612 diutius
457 574 668 616 irascimur
701 591 847 617 omnes
880 593 1006 631 quam
1039 579 1266 622 laedimur:
1303 591 1460 636 quanto
1483 588 1627 628 melius
1651 597 1713 630 est

85 641 198 680 abire
241 642 277 681 in
312 643 518 684 diuersum
553 660 631 686 nec
663 648 759 688 uitia
791 649 895 688 uitiis
929 655 1174 703 opponere?
1228 667 1325 693 num
1359 656 1449 708 quis
1481 660 1580 698 satis
1612 674 1708 699 con-

84 718 194 751 stare
235 713 312 752 sibi
355 715 562 764 uideatur,
607 717 638 756 si
682 719 837 758 mulam
883 720 1063 761 calcibus
1096 730 1258 776 repetat
1291 732 1331 764 et
1364 740 1507 767 canem
1542 734 1710 771 morsu?

37 784 49 796 '⁷
83 781 180 830 ista,
223 784 375 836 inquis,
417 800 590 838 peccare
632 802 676 827 se
709 790 904 831 nesciunt.
968 793 1146 845 primum
1179 809 1305 847 quam
1338 797 1464 838 inicus
1493 805 1565 848 est,
1599 803 1710 853 apud

82 867 206 905 quem
247 854 460 896 hominem
505 872 592 898 esse
641 861 695 899 ad
738 861 1028 914 inpetrandam
1072 865 1235 905 ueniam
1279 871 1430 908 nocet?
1484 871 1635 910 deinde
1676 873 1709 912 si
1732 890 1762 914 κ)

81 931 219 964 cetera
270 927 462 967 animalia
513 928 595 969 1106
647 930 729 970 1136
782 938 877 972 tuae
919 933 1130 984 subducit,
1183 938 1297 990 quod
1342 940 1511 980 consilio
1555 950 1708 991 carent,

81 995 232 1034 eodem
276 995 370 1036 1060
413 998 486 1037 tibi
528 1000 579 1039 sit
623 1002 805 1054 quisquis
837 1003 1006 1045 consilio
1040 1013 1162 1046 caret.
1225 1009 1324 1060 quid
1358 1011 1465 1050 enim
1488 1012 1623 1065 *refert
1655 1027 1706 1053 an

79 1064 156 1104 alia
198 1067 321 1107 mutis
363 1069 573 1109 dissimilia
614 1071 789 1122 habeat,
832 1074 864 1113 si
905 1075 987 1115 hoc
1019 1077 1132 1129 quod
1166 1078 1205 1117 in
1238 1081 1351 1120 omni
1383 1089 1558 1134 peccato
1592 1092 1707 1124 muta

31 1139 50 1168 Ξῖ
78 1135 283 1185 defendit,
336 1139 467 1178 simile
510 1140 659 1190 habet,
713 1143 930 1196 caliginem
975 1148 1152 1187 mentis?
1214 1151 1426 1202 peccauit:
1473 1152 1553 1193 hoc
1596 1156 1704 1195 enim

77 1207 284 1258 primum?
337 1208 418 1249 hoc
450 1211 558 1251 enim
592 1218 859 1254 extremum?
902 1230 986 1256 non
1020 1224 1082 1258 est
1114 1221 1229 1272 quod
1263 1221 1315 1260 illi
1349 1224 1510 1271 credaS,
1545 1226 1705 1266 etiamsi
1729 1241 1756 1265 if.

79 1277 253 1318 dixerit:
296 1279 443 1320 iterum
476 1296 561 1322 non
594 1282 754 1325 faciam.
819 1292 860 1326 et
892 1287 968 1327 iste
1000 1289 1193 1341 peccabit
1226 1297 1267 1331 et
1299 1293 1339 1331 in
1372 1294 1495 1333 istum
1530 1295 1629 1335 alius
1663 1303 1704 1336 et

76 1355 166 1388 tota
198 1349 281 1389 uita
312 1351 417 1390 inter
448 1366 608 1394 errores
642 1354 905 1397 uolutabitur.
960 1366 1175 1400 mansuete
1205 1361 1465 1404 inmansueta
1487 1369 1705 1407 tractanda

28 1419 44 1444 Υ
74 1425 179 1459 sunt.
244 1421 357 1472 quod
399 1423 438 1462 in
480 1423 591 1464 luctu
634 1427 712 1465 dici
753 1426 861 1467 solet
906 1427 1211 1480 efficacissime,
1255 1440 1296 1473 et
1338 1435 1377 1473 in
1419 1436 1476 1476 ira
1516 1437 1698 1479 dicetur:

75 1495 212 1530 utrum
265 1491 486 1544 aliquando
539 1496 702 1536 desines
755 1510 806 1537 an
854 1505 1110 1553 numquam?
1172 1504 1204 1542 si
1246 1504 1490 1557 aliquando,
1544 1515 1700 1561 quanto

73 1561 198 1600 satius
241 1569 303 1602 est
335 1564 435 1603 iram
469 1565 698 1619 relinquere
729 1582 855 1621 quam
888 1569 941 1610 ab
974 1571 1032 1611 ira
1063 1572 1261 1626 relinqui?
1314 1590 1365 1615 an
1397 1591 1565 1631 semper
1597 1579 1699 1620 haec
1719 1594 1752 1618 20

73 1632 244 1683 agitatio
276 1636 564 1686 permanebit?
608 1637 723 1678 uides
757 1653 882 1692 quam
915 1643 1152 1695 impacatam
1185 1645 1258 1685 tibi
1291 1647 1509 1688 denunties
1542 1650 1697 1690 uitam?

25 1704 44 1732 ἴ·
71 1702 201 1753 qualis
234 1704 342 1743 enim
377 1706 451 1746 erit
482 1721 648 1760 semper
679 1712 904 1751 tumentis?
949 1713 1067 1753 adice
1099 1729 1218 1764 nunc,
1251 1717 1364 1769 quod
1398 1733 1491 1758 cum
1524 1720 1632 1760 bene
1656 1727 1698 1761 te

69 1772 155 1826 ipse
186 1777 447 1816 succenderis
480 1784 521 1817 et
553 1779 729 1820 subinde
762 1795 926 1831 causas,
962 1785 1110 1837 quibus
1142 1787 1382 1837 stimuleris,
1422 1793 1695 1843 renouaueris,

64 1858 138 1884 sua
180 1852 332 1897 sponte
363 1847 421 1886 ira
453 1849 640 1889 discedet
673 1857 714 1890 et
746 1853 852 1892 uires
884 1853 938 1894 1111
970 1855 1057 1895 dies
1089 1856 1331 1899 subtrahet:
1378 1868 1535 1913 quanto
1570 1863 1695 1902 satius

68 1922 132 1955 est
163 1930 188 1956 a
219 1922 261 1956 te
291 1916 403 1957 illam
436 1919 540 1959 uinci
572 1935 699 1973 quam
732 1937 756 1962 a
787 1927 859 1963 se?
1715 1948 1748 1972 25

184 1986 380 2027 XXVIII.
434 1989 541 2030 Huic
582 1992 786 2042 irasceris,
830 1995 982 2036 deinde
1021 1997 1086 2037 illi.
1149 2000 1300 2048 seruis,
1343 2002 1495 2042 deinde
1527 2003 1692 2044 libertis.

66 2057 328 2109 parentibus,
381 2060 532 2100 deinde
573 2061 719 2103 liberis.
787 2066 915 2113 notis,
969 2068 1121 2108 deinde
1161 2070 1324 2122 ignotis.
1388 2073 1539 2126 ubique
1582 2075 1689 2115 enim

66 2140 214 2167 causae
254 2137 494 2182 supersunt,
547 2133 627 2187 nisi·
663 2134 912 2187 deprecator
953 2139 1113 2178 animus
1156 2143 1340 2182 accessit.
1404 2143 1497 2184 hinc
1539 2152 1580 2185 te
1622 2146 1690 2185 1110

65 2196 176 2238 furor
217 2200 369 2252 rapiet,
412 2201 518 2242 illinc
560 2203 664 2253 alio,
706 2212 747 2245 et
789 2208 907 2247 nouis
950 2209 1128 2250 subinde
1160 2211 1432 2254 inritamentis
1464 2217 1690 2257 orientibus

63 2269 370 2310 continuabitur
410 2273 567 2313 rabies:
625 2288 724 2328 age,
777 2276 938 2327 infelix,
991 2283 1210 2333 ecquando
1253 2284 1440 2325 amabis?
1494 2300 1520 2326 o
1562 2302 1741 2341 quamtum

15 2340 34 2374 2
61 2338 220 2379 bonum
253 2347 418 2394 tempus
450 2344 489 2382 in
522 2358 565 2384 re
599 2346 707 2386 mala
738 2349 900 2401 perdis!
956 2357 1114 2403 quanto
1143 2366 1251 2393 nunc
1273 2360 1361 2395 erat
1383 2356 1509 2396 satius
1531 2359 1688 2399 amicos

59 2480 78 2512 ‘2
106 2491 196 2511 oram
337 2482 355 2515 -l
392 2495 506 2516 sanare
532 2484 703 2531 illadue‘gs:
741 2490 847 2520 ⁴<anari
985 2495 1005 2517 N
1040 2464 1252 2525 sibimdeatur
1388 2498 1407 2528 ἵ)
1443 2498 1542 2529 inicus
1578 2506 1642 2541 (etv
1668 2512 1684 2532 c

54 2536 194 2580 factum
221 2544 273 2574 est
298 2553 334 2582 q,
363 2553 380 2572 u
407 2547 611 2588 suprascr.)
727 2556 802 2589 aput
923 2550 954 2582 ll
987 2554 1093 2582 cetera
1121 2551 1170 2594 (in
1198 2554 1286 2596 ras.)
1407 2556 1440 2587 Ιῑὶ
1469 2558 1561 2587 mutis
1588 2556 1683 2592 Med.

59 2594 90 2629 D
116 2606 230 2630 corr.:
259 2601 365 2631 multis
485 2603 514 2633 in
541 2604 644 2648 omni]
671 2604 789 2639 malim
818 2608 859 2638 ab
886 2610 974 2639 omni
1094 2610 1133 2644 16
1161 2612 1275 2643 dixerit
1302 2613 1392 2652 cod.⁷
1420 2614 1499 2648 ilem
1521 2615 1684 2660 Lipsius.-

57 2655 135 2686 dixit
163 2655 269 2701 uulqo
403 2658 439 2693 18
466 2662 497 2692 in
525 2648 698 2695 iradicetur
827 2667 865 2699 ‘21
898 2669 1033 2709 agitatio
1059 2666 1200 2704 Haase:
1232 2673 1388 2713 cogitatio
1510 2676 1599 2706 uide>-
1619 2703 1624 2709 .
1647 2703 1652 2709 ,
1674 2704 1680 2710 ,

55 2715 177 2746 uitam?
222 2715 319 2750 Koch
346 2722 482 2753 nmtata
507 2720 791 2767 c'nterpureclione
827 2725 931 2767 (conl.
959 2726 1009 2760 ad
1034 2725 1148 2762 Marc.
1180 2731 1240 2769 13,
1274 2733 1294 2763 4
1321 2732 1409 2763 uides
1436 2744 1532 2774 quam
1560 2745 1680 2776 magno

56 2779 165 2810 animo
193 2780 296 2813 tulerit
309 2781 347 2824 ?);
377 2784 451 2816 uide
477 2783 590 2830 Neap.
622 2784 727 2821 Gerl:
850 2791 1038 2834 deminuit-ijs<
1165 2796 1209 2826 ‘3³'
1245 2792 1362 2841 causae
1488 2799 1681 2840 deprecator

173 2846 218 2874 ἱῖΗ
244 2848 410 2887 ecquando
441 2847 622 2884 Goereuz:
653 2859 681 2883 et
708 2855 838 2894 quando
