1977 3231
470 145 763 194 'CONTVMEIAAM
791 164 984 191 ACCII’ERE
1011 165 1150 192 SAPIEN
1162 167 1248 195 rEM.
1278 168 1328 193 111.
1352 168 1399 195 IV.
1691 178 1738 215 19

71 255 90 288 4
117 257 317 308 numquid
342 257 513 296 dubium
537 263 610 305 est,
644 259 738 310 quin
764 261 911 299 certius
934 262 1060 301 robur
1083 264 1133 302 sit
1155 266 1269 315 quod
1303 279 1386 305 non
1419 267 1592 306 uincitur
1613 282 1739 319 quam

116 327 231 378 quod
263 340 347 366 non
381 326 614 376 lacessitur,
648 343 742 369 cum
776 331 926 371 dubiae
958 333 1038 372 sint
1072 334 1176 373 uires
1208 336 1470 387 inexpertae,
1514 344 1555 377 at
1589 341 1738 380 merito

116 397 343 436 certissima
374 397 545 438 firmitas
577 399 797 449 habeatur,
841 415 948 453 quae
990 404 1124 442 omnis
1157 405 1340 445 incursus
1374 409 1552 460 respuit?
1605 410 1662 449 sic
1693 416 1737 450 tu

114 467 344 519 sapientem
378 468 557 508 melioris
600 471 703 510 scito
743 486 834 511 esse
866 479 1057 522 naturae,
1100 475 1132 513 si
1175 476 1283 515 nulla
1325 477 1377 516 illi
1422 479 1561 518 iniuria
1603 487 1738 529 nocet,

116 551 241 589 quam
274 540 306 578 si
338 539 449 578 nulla
481 539 535 579 fit.
594 548 634 580 et
678 541 787 580 illurn
822 542 974 582 fortem
1008 545 1138 584 uirum
1174 547 1321 595 dicam,
1355 562 1480 599 quem
1514 550 1623 589 bella
1654 565 1737 590 non
1758 565 1772 587 5>

113 608 309 660 subigunt
351 624 428 649 nec
471 612 645 650 admota
678 612 736 651 uis
770 613 927 653 hostilis
960 621 1167 664 exterret,
1210 620 1390 669 non‚cui
1422 621 1574 671 pingue
1606 622 1734 661 otium

113 686 175 717 est
206 679 310 732 inter
353 682 517 721 desides
560 682 750 734 populos,
812 684 894 723 hoc
933 685 1054 737 igitur
1087 687 1204 735 dicO,
1248 689 1475 741 sapientem
1520 691 1614 730 nulli
1648 706 1738 731 esse

111 749 277 789 iniuriae
310 751 555 792 obnoxium.
618 753 757 805 itaque
801 768 884 793 non
918 755 1061 805 refert,
1104 771 1228 809 quam
1274 759 1404 798 multa
1436 760 1474 799 in
1507 761 1618 800 illum
1653 763 1734 820 coi-

112 821 268 860 ciantur
309 821 411 870 tela,
464 836 557 862 cum
610 824 661 863 sit
713 824 808 863 nulli
851 827 1126 877 penetrabilis.
1190 831 1410 880 quomodo
1449 833 1733 882 quorundam

111 891 294 943 lapidum
336 893 668 945 inexpugnabilis
701 894 807 934 ferro
857 897 1006 936 duritia
1039 905 1101 937 est
1143 912 1220 938 nec
1271 902 1399 940 secari
1451 903 1623 941 adamas
1666 909 1736 943 aut

71 958 75 961 ⁴
111 963 226 1001 caedi
266 963 331 1001 uel
374 964 503 1002 deteri
541 970 682 1016 potest
731 967 805 1005 sed
849 967 1097 1007 incurrentia
1140 968 1247 1009 ultro
1292 972 1491 1020 retundit,
1535 975 1734 1024 quemad-

110 1033 284 1072 modum
317 1035 525 1085 quaedam
559 1049 643 1074 non
674 1044 850 1088 possunt
888 1038 982 1089 igne
1015 1042 1203 1078 consumi
1242 1041 1317 1080 sed
1356 1041 1526 1081 flamma
1568 1044 1736 1084 circurn-

108 1103 196 1143 fusa
227 1105 408 1156 rigorem
431 1119 552 1144 suum
575 1105 849 1159 habitumque
875 1116 1138 1157 conseruant,
1171 1113 1533 1162 quemadmodum
1565 1115 1735 1166 proiecti

108 1175 277 1226 quidam
321 1176 361 1213 in
403 1175 531 1215 altum
575 1177 733 1229 scopuli
777 1191 890 1217 mare
939 1178 1133 1231 frangunt
1182 1195 1258 1220 nec
1299 1183 1373 1234 ipsi
1419 1183 1499 1222 ulla
1541 1185 1735 1224 saeuitiae

67 1236 71 1240 ⁵
108 1245 281 1297 uestigia
330 1251 393 1285 tot
449 1247 654 1287 uerberati
704 1248 876 1287 saeculis
928 1256 1164 1290 ostentant:
1222 1252 1277 1291 ita
1328 1254 1522 1305 sapientis
1575 1256 1734 1294 animus

44 1934 77 1995 ω’

107 1315 262 1355 solidus
305 1322 368 1356 est
411 1323 452 1356 et
494 1318 536 1357 id
578 1317 741 1358 roboris
783 1319 985 1372 conlegit,
1034 1329 1078 1361 ut
1121 1329 1206 1361 tam
1251 1329 1363 1363 tutus
1406 1325 1456 1363 sit
1500 1325 1552 1364 ab
1598 1326 1737 1365 iniuria

108 1400 235 1438 quam
268 1386 334 1426 illa
366 1401 472 1439 quae
505 1388 652 1427 rettuli.

226 1457 299 1497 IV.
333 1457 447 1510 Quid
481 1461 608 1510 ergo?
652 1473 735 1499 non
779 1461 854 1500 erit
896 1462 1039 1513 aliquis
1083 1464 1149 1515 qui
1183 1465 1355 1516 sapienti
1389 1465 1524 1505 facere
1556 1473 1735 1519 temptet

106 1521 320 1566 iniuriam?
354 1529 588 1580 temptabit,
621 1531 696 1569 sed
729 1545 812 1570 non
850 1540 1141 1584 peruenturam
1178 1536 1231 1573 ad
1264 1549 1371 1575 eum.
1435 1538 1591 1575 maiore
1624 1539 1732 1576 enini

105 1597 320 1637 interuallo
353 1612 377 1637 a
409 1605 606 1640 contactu
649 1600 886 1641 inferiorum
925 1602 1132 1643 abductus
1165 1611 1249 1652 est,
1288 1619 1419 1659 quam
1463 1613 1507 1645 ut
1550 1607 1629 1646 ulla
1673 1609 1731 1647 uis

105 1669 234 1707 noxia
275 1682 404 1720 usque
447 1671 500 1708 ad
543 1670 656 1709 illum
702 1672 808 1711 uires
851 1686 944 1712 suas
986 1674 1176 1726 perferat.
1243 1676 1367 1715 etiam
1411 1690 1504 1716 cum
1540 1684 1732 1729 potentes

107 1745 148 1777 et
181 1739 354 1791 imperio
388 1741 485 1780 editi
518 1747 560 1780 et
583 1755 787 1781 consensu
811 1744 1076 1784 seruientium
1108 1746 1230 1785 ualidi
1260 1761 1412 1786 nocere
1445 1748 1481 1786 ei
1504 1748 1731 1796 intendent,

104 1815 191 1848 tam
225 1810 325 1848 citra
358 1811 603 1863 sapientiam
636 1826 783 1852 omnes
817 1827 962 1853 eorum
1003 1816 1166 1867 inpetus
1200 1817 1412 1866 deficient,
1458 1832 1582 1869 quam
1626 1833 1732 1870 quae

105 1893 236 1919 neruo
268 1882 538 1921 tormentisne
571 1883 610 1921 in
642 1883 771 1922 altum
805 1885 1116 1935 exprimuntur,
1160 1901 1253 1926 cum
1299 1895 1419 1927 extra
1452 1889 1582 1927 uisum
1618 1889 1730 1928 exili-

104 1957 242 1998 erunt,
282 1952 383 1991 citra
415 1952 574 1992 caelum
608 1960 747 1993 tamen
782 1954 1013 1995 flectuntur.
1067 1957 1193 2008 quid?
1236 1965 1281 1997 tu
1319 1965 1441 2010 putas
1483 1965 1593 2007 tum,
1637 1973 1730 1998 cum
1752 1978 1784 2000 ·5

104 2020 278 2060 stolidus
332 2021 398 2061 ille
449 2037 525 2062 rex
577 2024 841 2064 multitudine
893 2025 1072 2065 telorum
1125 2028 1237 2067 diem
1289 2028 1554 2077 obscuraret,
1606 2029 1730 2069 ullam

103 2092 300 2143 sagittam
342 2093 381 2131 in
423 2093 557 2132 solem
600 2095 816 2134 incidisse?
870 2103 939 2135 aut
983 2098 1170 2137 demissis
1212 2099 1251 2137 in
1290 2099 1543 2151 profundum
1578 2101 1731 2140 catenis

105 2161 345 2213 Neptunum
371 2164 555 2215 potuisse
585 2166 796 2217 contingi?
841 2173 884 2205 ut
907 2167 1100 2207 caelestia
1122 2169 1323 2208 humanas
1357 2184 1504 2209 manus
1527 2170 1730 2222 effugiunt

105 2237 147 2270 et
179 2231 232 2271 ab
266 2233 326 2272 his
359 2235 427 2285 qui
459 2235 617 2287 templa
650 2236 815 2275 diruunt
848 2250 896 2275 ac
930 2238 1148 2278 simulacra
1181 2239 1365 2279 conflant
1404 2241 1499 2279 nihil
1533 2242 1729 2280 diuinitati

104 2309 287 2351 nocetur,
321 2305 375 2342 ita
398 2305 599 2356 quidquid
627 2305 672 2344 fit
704 2307 743 2344 in
766 2308 997 2359 sapientem
1019 2316 1225 2361 proterue,
1260 2310 1506 2362 petulanter,
1539 2311 1730 2364 superbe,

103 2371 254 2412 frustra
287 2380 525 2426 temptatur.
590 2383 632 2415 at
665 2377 790 2416 satius
824 2384 911 2417 crat
945 2381 1153 2419 neminem
1197 2394 1287 2419 esse
1328 2382 1396 2433 qui
1430 2381 1564 2421 facere
1597 2382 1728 2421 uellet.

1452 2487 1461 2495 ⁴·
1518 2485 1534 2509 d

108 2513 117 2545 1
149 2515 259 2555 nunqd
396 2512 492 2547 cels*
628 2518 647 2549 ,ζῐ
675 2528 735 2557 que
762 2522 823 2557 οἱς,
852 2528 1038 2562 suprascr.
1067 2531 1109 2551 m.
1138 2530 1208 2553 rev.
1242 2532 1260 2561 1·
1287 2532 1318 2551 cs*
1454 2523 1473 2551 (ἱ
1501 2526 1611 2553 amota

261 2572 278 2596 tl

111 2606 141 2638 11
181 2610 373 2648 queainodsl
401 2611 436 2646 (d
463 2620 506 2645 m,
532 2611 606 2654 pr.)
728 2611 763 2643 1ἵ)
790 2612 884 2643 seclis
991 2613 1026 2644 lli
1054 2613 1183 2651 collegit
1214 2613 1268 2647 ed.
1298 2613 1430 2658 Nealm
1460 2616 1586 2656 colligit
1692 2615 1725 2648 1ἶ

685 2668 692 2693 1

103 2701 192 2731 retuli
221 2706 322 2746 (post
347 2714 380 2734 re
407 2704 492 2743 ras.)
598 2704 642 2737 '20
667 2705 719 2735 ula
829 2707 872 2738 *3⁸3
899 2707 977 2745 9diti
1075 2707 1212 2747 imperi«)
1240 2708 1376 2748 praediti
1404 2706 1610 2741 dubilamer
1629 2707 1726 2741 [sm-le

174 2760 201 2790 ei
228 2759 370 2794 addidit
398 2760 602 2795 Gronouius
682 2762 722 2796 2⁷5
753 2763 918 2794 exilierunt
944 2763 1000 2798 ecl.
1029 2764 1152 2808 lveap,
1174 2763 1342 2809 Madm'y:
1373 2767 1527 2797 exilit-rint
1605 2769 1648 2799 :²0
1668 2768 1727 2797 ob-

102 2812 240 2848 scuraret
275 2818 307 2859 (e
342 2830 384 2854 m.
410 2822 482 2864 pr.)
621 2820 660 2853 {31
699 2821 846 2852 demissis
884 2820 1094 2855 Pincianus:
1132 2823 1273 2853 dimissis
1410 2827 1452 2857 Ὺ.)
1490 2825 1588 2855 nichil

105 2874 150 2905 :50
176 2877 326 2917 quicquid
447 2881 551 2919 supb9
673 2880 710 2910 :31
743 2868 885 2921 mjlsalius
912 2891 1093 2924 sultrmcr.
1123 2887 1131 2911 t

1397 2941 1444 2961 -›2:<

1759 915 1789 939 10

1759 1267 1787 1291 15

1753 1619 1786 1643 20

1750 2330 1782 2353 3⁰
