<?xml version="1.0" encoding="UTF-8"?>
<!DOCTYPE html PUBLIC "-//W3C//DTD XHTML 1.0 Transitional//EN"
    "http://www.w3.org/TR/xhtml1/DTD/xhtml1-transitional.dtd">
<html xmlns="http://www.w3.org/1999/xhtml" xml:lang="en" lang="en">
 <head>
  <title>
</title>
<meta http-equiv="Content-Type" content="text/html;charset=utf-8" />
  <meta name='ocr-system' content='tesseract 3.04.00' />
  <meta name='ocr-capabilities' content='ocr_page ocr_carea ocr_par ocr_line ocrx_word'/>
</head>
<body>
  <div class='ocr_page' id='page_1' title='image "./dialogorumlibrid00seneuoft_0222.png"; bbox 0 0 2008 3221; ppageno 0'>
   <div class='ocr_carea' id='block_1_1' title="bbox 187 1736 216 1760">
    <p class='ocr_par' dir='ltr' id='par_1_1' title="bbox 187 1736 216 1760">
     <span class='ocr_line' id='line_1_1' title="bbox 187 1736 216 1760; baseline -0.069 0"><span class='ocrx_word' id='word_1_1' title='bbox 187 1736 216 1760; x_wconf 72' lang='lat'>10</span> 
     </span>
    </p>
   </div>
   <div class='ocr_carea' id='block_1_2' title="bbox 495 560 1603 723">
    <p class='ocr_par' dir='ltr' id='par_1_2' title="bbox 495 560 1603 723">
     <span class='ocr_line' id='line_1_2' title="bbox 786 560 1306 604; baseline -0.002 0"><span class='ocrx_word' id='word_1_2' title='bbox 786 561 824 604; x_wconf 81' lang='lat' dir='ltr'>L.</span> <span class='ocrx_word' id='word_1_3' title='bbox 868 560 1054 604; x_wconf 75' lang='lat' dir='ltr'><strong>ANNAEI</strong></span> <span class='ocrx_word' id='word_1_4' title='bbox 1088 560 1306 603; x_wconf 75' lang='lat' dir='ltr'><strong>SENECAE</strong></span> 
     </span>
     <span class='ocr_line' id='line_1_3' title="bbox 495 660 1603 723; baseline 0 -1"><span class='ocrx_word' id='word_1_5' title='bbox 495 661 1079 723; x_wconf 79' lang='lat' dir='ltr'><strong>DIALOGORVM</strong></span> <span class='ocrx_word' id='word_1_6' title='bbox 1131 660 1386 722; x_wconf 80' lang='lat' dir='ltr'><strong>LIBER·</strong></span> <span class='ocrx_word' id='word_1_7' title='bbox 1434 660 1603 722; x_wconf 93' lang='lat' dir='ltr'>VIll.</span> 
     </span>
    </p>
   </div>
   <div class='ocr_carea' id='block_1_3' title="bbox 897 800 1206 832">
    <p class='ocr_par' dir='ltr' id='par_1_3' title="bbox 897 800 1206 832">
     <span class='ocr_line' id='line_1_4' title="bbox 897 800 1206 832; baseline -0.006 0"><span class='ocrx_word' id='word_1_8' title='bbox 897 802 960 832; x_wconf 93' lang='lat' dir='ltr'>AD</span> <span class='ocrx_word' id='word_1_9' title='bbox 989 800 1206 832; x_wconf 90' lang='lat' dir='ltr'>SERENVM</span> 
     </span>
    </p>
   </div>
   <div class='ocr_carea' id='block_1_4' title="bbox 958 892 1145 928">
    <p class='ocr_par' dir='ltr' id='par_1_4' title="bbox 958 892 1145 928">
     <span class='ocr_line' id='line_1_5' title="bbox 958 892 1145 928; baseline 0 -1"><span class='ocrx_word' id='word_1_10' title='bbox 958 893 1010 927; x_wconf 85' lang='lat' dir='ltr'>DE</span> <span class='ocrx_word' id='word_1_11' title='bbox 1038 892 1145 928; x_wconf 67' lang='lat' dir='ltr'><strong>OTIO.</strong></span> 
     </span>
    </p>
   </div>
   <div class='ocr_carea' id='block_1_5' title="bbox 232 1073 1872 1982">
    <p class='ocr_par' dir='ltr' id='par_1_5' title="bbox 232 1073 1872 1982">
     <span class='ocr_line' id='line_1_6' title="bbox 352 1073 1865 1127; baseline -0.002 -13"><span class='ocrx_word' id='word_1_12' title='bbox 352 1076 378 1116; x_wconf 90' lang='grc' dir='ltr'>Ι.</span> <span class='ocrx_word' id='word_1_13' title='bbox 444 1076 540 1127; x_wconf 59' lang='lat'>[28]</span> <span class='ocrx_word' id='word_1_14' title='bbox 725 1089 797 1114; x_wconf 90' lang='lat' dir='ltr'>cur</span> <span class='ocrx_word' id='word_1_15' title='bbox 829 1074 950 1114; x_wconf 87' lang='lat' dir='ltr'>nobis</span> <span class='ocrx_word' id='word_1_16' title='bbox 983 1087 1139 1126; x_wconf 84' lang='lat' dir='ltr'>magno</span> <span class='ocrx_word' id='word_1_17' title='bbox 1173 1087 1377 1114; x_wconf 85' lang='lat' dir='ltr'>consensu</span> <span class='ocrx_word' id='word_1_18' title='bbox 1411 1073 1508 1113; x_wconf 84' lang='lat' dir='ltr'>uitia</span> <span class='ocrx_word' id='word_1_19' title='bbox 1535 1073 1865 1113; x_wconf 87' lang='lat' dir='ltr'>commendant?</span> 
     </span>
     <span class='ocr_line' id='line_1_7' title="bbox 232 1145 1865 1205; baseline -0.002 -19"><span class='ocrx_word' id='word_1_20' title='bbox 232 1147 327 1187; x_wconf 90' lang='lat' dir='ltr'>licet</span> <span class='ocrx_word' id='word_1_21' title='bbox 358 1146 457 1187; x_wconf 88' lang='lat' dir='ltr'>nihil</span> <span class='ocrx_word' id='word_1_22' title='bbox 490 1147 611 1195; x_wconf 85' lang='lat' dir='ltr'>aliud,</span> <span class='ocrx_word' id='word_1_23' title='bbox 644 1148 760 1199; x_wconf 90' lang='lat' dir='ltr'>quod</span> <span class='ocrx_word' id='word_1_24' title='bbox 791 1148 844 1186; x_wconf 87' lang='lat' dir='ltr'>sit</span> <span class='ocrx_word' id='word_1_25' title='bbox 876 1146 1067 1205; x_wconf 47' lang='lat' dir='ltr'>salutare?</span> <span class='ocrx_word' id='word_1_26' title='bbox 1100 1153 1370 1197; x_wconf 81' lang='lat' dir='ltr'><strong>temptemus,</strong></span> <span class='ocrx_word' id='word_1_27' title='bbox 1403 1145 1592 1197; x_wconf 90' lang='lat' dir='ltr'>proderit</span> <span class='ocrx_word' id='word_1_28' title='bbox 1624 1151 1767 1185; x_wconf 83' lang='lat' dir='ltr'>tamen</span> <span class='ocrx_word' id='word_1_29' title='bbox 1790 1157 1865 1195; x_wconf 88' lang='lat' dir='ltr'>per</span> 
     </span>
     <span class='ocr_line' id='line_1_8' title="bbox 232 1215 1868 1270; baseline -0.002 -12"><span class='ocrx_word' id='word_1_30' title='bbox 232 1233 276 1258; x_wconf 90' lang='lat' dir='ltr'>se</span> <span class='ocrx_word' id='word_1_31' title='bbox 308 1221 443 1270; x_wconf 82' lang='lat' dir='ltr'>ipsum</span> <span class='ocrx_word' id='word_1_32' title='bbox 476 1219 695 1258; x_wconf 87' lang='lat' dir='ltr'>secedere:</span> <span class='ocrx_word' id='word_1_33' title='bbox 734 1217 927 1258; x_wconf 91' lang='lat' dir='ltr'>meliores</span> <span class='ocrx_word' id='word_1_34' title='bbox 960 1217 1111 1256; x_wconf 88' lang='lat' dir='ltr'>erimus</span> <span class='ocrx_word' id='word_1_35' title='bbox 1143 1215 1302 1269; x_wconf 81' lang='lat' dir='ltr'>singuli.</span> <span class='ocrx_word' id='word_1_36' title='bbox 1366 1217 1488 1269; x_wconf 88' lang='lat' dir='ltr'>quid,</span> <span class='ocrx_word' id='word_1_37' title='bbox 1522 1216 1638 1268; x_wconf 91' lang='lat' dir='ltr'>quod</span> <span class='ocrx_word' id='word_1_38' title='bbox 1670 1215 1868 1254; x_wconf 87' lang='lat' dir='ltr'>secedere</span> 
     </span>
     <span class='ocr_line' id='line_1_9' title="bbox 233 1287 1867 1342; baseline -0.003 -13"><span class='ocrx_word' id='word_1_39' title='bbox 233 1291 287 1329; x_wconf 85' lang='lat' dir='ltr'>ad</span> <span class='ocrx_word' id='word_1_40' title='bbox 330 1292 516 1342; x_wconf 88' lang='lat' dir='ltr'>optimos</span> <span class='ocrx_word' id='word_1_41' title='bbox 558 1291 668 1329; x_wconf 89' lang='lat' dir='ltr'>uiros</span> <span class='ocrx_word' id='word_1_42' title='bbox 710 1296 752 1329; x_wconf 92' lang='lat' dir='ltr'>et</span> <span class='ocrx_word' id='word_1_43' title='bbox 795 1288 965 1342; x_wconf 77' lang='lat' dir='ltr'>aliquod</span> <span class='ocrx_word' id='word_1_44' title='bbox 1007 1287 1251 1340; x_wconf 81' lang='lat' dir='ltr'>exemplum</span> <span class='ocrx_word' id='word_1_45' title='bbox 1285 1287 1458 1339; x_wconf 79' lang='lat' dir='ltr'>eligere,</span> <span class='ocrx_word' id='word_1_46' title='bbox 1502 1288 1556 1327; x_wconf 92' lang='lat' dir='ltr'>ad</span> <span class='ocrx_word' id='word_1_47' title='bbox 1588 1287 1703 1339; x_wconf 90' lang='lat' dir='ltr'>quod</span> <span class='ocrx_word' id='word_1_48' title='bbox 1737 1288 1867 1326; x_wconf 86' lang='lat' dir='ltr'>uitam</span> 
     </span>
     <span class='ocr_line' id='line_1_10' title="bbox 234 1358 1870 1412; baseline -0.003 -11"><span class='ocrx_word' id='word_1_49' title='bbox 234 1362 495 1412; x_wconf 81' lang='lat' dir='ltr'>derigamus,</span> <span class='ocrx_word' id='word_1_50' title='bbox 538 1360 658 1400; x_wconf 84' lang='lat' dir='ltr'>licet?</span> <span class='ocrx_word' id='word_1_51' title='bbox 712 1361 827 1412; x_wconf 89' lang='lat' dir='ltr'>quod</span> <span class='ocrx_word' id='word_1_52' title='bbox 870 1360 944 1399; x_wconf 90' lang='lat' dir='ltr'>nisi</span> <span class='ocrx_word' id='word_1_53' title='bbox 988 1361 1076 1399; x_wconf 90' lang='lat' dir='ltr'>otio</span> <span class='ocrx_word' id='word_1_54' title='bbox 1120 1373 1204 1398; x_wconf 88' lang='lat' dir='ltr'>non</span> <span class='ocrx_word' id='word_1_55' title='bbox 1246 1358 1302 1398; x_wconf 85' lang='lat' dir='ltr'>fit.</span> <span class='ocrx_word' id='word_1_56' title='bbox 1365 1365 1464 1398; x_wconf 89' lang='lat' dir='ltr'>tunc</span> <span class='ocrx_word' id='word_1_57' title='bbox 1505 1363 1649 1409; x_wconf 85' lang='lat' dir='ltr'>potest</span> <span class='ocrx_word' id='word_1_58' title='bbox 1693 1359 1870 1409; x_wconf 79' lang='lat' dir='ltr'>optineri</span> 
     </span>
     <span class='ocr_line' id='line_1_11' title="bbox 236 1427 1871 1484; baseline -0.002 -12"><span class='ocrx_word' id='word_1_59' title='bbox 236 1434 352 1484; x_wconf 87' lang='lat' dir='ltr'>quod</span> <span class='ocrx_word' id='word_1_60' title='bbox 390 1432 519 1472; x_wconf 88' lang='lat' dir='ltr'>semel</span> <span class='ocrx_word' id='word_1_61' title='bbox 552 1431 729 1484; x_wconf 78' lang='lat' dir='ltr'>placuit,</span> <span class='ocrx_word' id='word_1_62' title='bbox 772 1431 840 1471; x_wconf 86' lang='lat' dir='ltr'>ubi</span> <span class='ocrx_word' id='word_1_63' title='bbox 873 1445 995 1470; x_wconf 92' lang='lat' dir='ltr'>nemo</span> <span class='ocrx_word' id='word_1_64' title='bbox 1028 1432 1272 1477; x_wconf 84' lang='lat' dir='ltr'>interuenit,</span> <span class='ocrx_word' id='word_1_65' title='bbox 1314 1432 1383 1482; x_wconf 90' lang='lat' dir='ltr'>qui</span> <span class='ocrx_word' id='word_1_66' title='bbox 1416 1430 1611 1469; x_wconf 87' lang='lat' dir='ltr'>iudicium</span> <span class='ocrx_word' id='word_1_67' title='bbox 1644 1427 1782 1468; x_wconf 87' lang='lat' dir='ltr'>adhuc</span> <span class='ocrx_word' id='word_1_68' title='bbox 1815 1430 1871 1468; x_wconf 93' lang='lat' dir='ltr'>in—</span> 
     </span>
     <span class='ocr_line' id='line_1_12' title="bbox 237 1499 1872 1556; baseline -0.002 -13"><span class='ocrx_word' id='word_1_69' title='bbox 237 1503 429 1543; x_wconf 87' lang='lat' dir='ltr'>becillum</span> <span class='ocrx_word' id='word_1_70' title='bbox 473 1503 630 1556; x_wconf 89' lang='lat' dir='ltr'>populo</span> <span class='ocrx_word' id='word_1_71' title='bbox 664 1503 855 1542; x_wconf 87' lang='lat' dir='ltr'>adiutore</span> <span class='ocrx_word' id='word_1_72' title='bbox 887 1502 1151 1553; x_wconf 88' lang='lat' dir='ltr'>detorqueat.</span> <span class='ocrx_word' id='word_1_73' title='bbox 1214 1507 1314 1541; x_wconf 90' lang='lat' dir='ltr'>tunc</span> <span class='ocrx_word' id='word_1_74' title='bbox 1345 1507 1488 1552; x_wconf 90' lang='lat' dir='ltr'>potest</span> <span class='ocrx_word' id='word_1_75' title='bbox 1519 1500 1605 1539; x_wconf 87' lang='lat' dir='ltr'>uita</span> <span class='ocrx_word' id='word_1_76' title='bbox 1637 1499 1797 1551; x_wconf 84' lang='lat' dir='ltr'>aequali</span> <span class='ocrx_word' id='word_1_77' title='bbox 1830 1506 1872 1540; x_wconf 91' lang='lat' dir='ltr'>et</span> 
     </span>
     <span class='ocr_line' id='line_1_13' title="bbox 235 1572 1871 1626; baseline -0.002 -13"><span class='ocrx_word' id='word_1_78' title='bbox 235 1589 318 1614; x_wconf 88' lang='lat' dir='ltr'>uno</span> <span class='ocrx_word' id='word_1_79' title='bbox 351 1582 497 1615; x_wconf 91' lang='lat' dir='ltr'>tenore</span> <span class='ocrx_word' id='word_1_80' title='bbox 549 1575 801 1626; x_wconf 74' lang='lat' dir='ltr'><strong>procedere,</strong></span> <span class='ocrx_word' id='word_1_81' title='bbox 853 1586 980 1625; x_wconf 88' lang='lat' dir='ltr'>quarn</span> <span class='ocrx_word' id='word_1_82' title='bbox 1033 1573 1260 1624; x_wconf 88' lang='lat' dir='ltr'>propositis</span> <span class='ocrx_word' id='word_1_83' title='bbox 1303 1573 1592 1611; x_wconf 87' lang='lat' dir='ltr'>diuersissimis</span> <span class='ocrx_word' id='word_1_84' title='bbox 1635 1572 1871 1611; x_wconf 83' lang='lat' dir='ltr'>scindimus.</span> 
     </span>
     <span class='ocr_line' id='line_1_14' title="bbox 236 1642 1870 1696; baseline -0.002 -12"><span class='ocrx_word' id='word_1_85' title='bbox 236 1659 333 1685; x_wconf 89' lang='lat' dir='ltr'>nam</span> <span class='ocrx_word' id='word_1_86' title='bbox 366 1648 472 1686; x_wconf 89' lang='lat' dir='ltr'>inter</span> <span class='ocrx_word' id='word_1_87' title='bbox 504 1652 646 1686; x_wconf 90' lang='lat' dir='ltr'>cetera</span> <span class='ocrx_word' id='word_1_88' title='bbox 678 1644 788 1684; x_wconf 86' lang='lat' dir='ltr'>mala</span> <span class='ocrx_word' id='word_1_89' title='bbox 819 1644 921 1684; x_wconf 87' lang='lat' dir='ltr'>illud</span> <span class='ocrx_word' id='word_1_90' title='bbox 952 1645 1181 1696; x_wconf 87' lang='lat' dir='ltr'>pessimum</span> <span class='ocrx_word' id='word_1_91' title='bbox 1215 1649 1299 1691; x_wconf 87' lang='lat' dir='ltr'>est,</span> <span class='ocrx_word' id='word_1_92' title='bbox 1339 1643 1454 1695; x_wconf 90' lang='lat' dir='ltr'>quod</span> <span class='ocrx_word' id='word_1_93' title='bbox 1487 1642 1585 1682; x_wconf 85' lang='lat' dir='ltr'>uitia</span> <span class='ocrx_word' id='word_1_94' title='bbox 1616 1644 1705 1694; x_wconf 86' lang='lat' dir='ltr'>ipsa</span> <span class='ocrx_word' id='word_1_95' title='bbox 1738 1648 1870 1682; x_wconf 90' lang='lat' dir='ltr'>muta-</span> 
     </span>
     <span class='ocr_line' id='line_1_15' title="bbox 238 1712 1871 1768; baseline -0.002 -12"><span class='ocrx_word' id='word_1_96' title='bbox 238 1730 339 1756; x_wconf 85' lang='lat' dir='ltr'>mus.</span> <span class='ocrx_word' id='word_1_97' title='bbox 402 1718 460 1756; x_wconf 87' lang='lat' dir='ltr'>sic</span> <span class='ocrx_word' id='word_1_98' title='bbox 503 1731 554 1756; x_wconf 89' lang='lat' dir='ltr'>ne</span> <span class='ocrx_word' id='word_1_99' title='bbox 587 1716 667 1755; x_wconf 89' lang='lat' dir='ltr'>hoc</span> <span class='ocrx_word' id='word_1_100' title='bbox 700 1717 871 1768; x_wconf 90' lang='lat' dir='ltr'>quidem</span> <span class='ocrx_word' id='word_1_101' title='bbox 903 1715 1026 1755; x_wconf 91' lang='lat' dir='ltr'>nobis</span> <span class='ocrx_word' id='word_1_102' title='bbox 1059 1715 1263 1766; x_wconf 81' lang='lat' dir='ltr'>contingit</span> <span class='ocrx_word' id='word_1_103' title='bbox 1296 1727 1542 1766; x_wconf 87' lang='lat' dir='ltr'>permanere</span> <span class='ocrx_word' id='word_1_104' title='bbox 1573 1715 1613 1753; x_wconf 89' lang='lat' dir='ltr'>in</span> <span class='ocrx_word' id='word_1_105' title='bbox 1647 1712 1757 1753; x_wconf 87' lang='lat' dir='ltr'>malo</span> <span class='ocrx_word' id='word_1_106' title='bbox 1790 1715 1871 1753; x_wconf 86' lang='lat' dir='ltr'>iam</span> 
     </span>
     <span class='ocr_line' id='line_1_16' title="bbox 238 1784 1872 1839; baseline -0.002 -12"><span class='ocrx_word' id='word_1_107' title='bbox 238 1787 437 1828; x_wconf 78' lang='lat' dir='ltr'>familiari.</span> <span class='ocrx_word' id='word_1_108' title='bbox 501 1788 610 1828; x_wconf 89' lang='lat' dir='ltr'>aliud</span> <span class='ocrx_word' id='word_1_109' title='bbox 653 1801 707 1826; x_wconf 75' lang='lat' dir='ltr'>ex</span> <span class='ocrx_word' id='word_1_110' title='bbox 751 1787 831 1827; x_wconf 88' lang='lat' dir='ltr'>alio</span> <span class='ocrx_word' id='word_1_111' title='bbox 875 1787 1013 1839; x_wconf 85' lang='lat' dir='ltr'>placet</span> <span class='ocrx_word' id='word_1_112' title='bbox 1055 1793 1267 1837; x_wconf 80' lang='lat' dir='ltr'>uexatque</span> <span class='ocrx_word' id='word_1_113' title='bbox 1300 1798 1376 1824; x_wconf 92' lang='lat' dir='ltr'>nos</span> <span class='ocrx_word' id='word_1_114' title='bbox 1409 1784 1490 1824; x_wconf 90' lang='lat' dir='ltr'>hoc</span> <span class='ocrx_word' id='word_1_115' title='bbox 1522 1798 1712 1837; x_wconf 88' lang='lat' dir='ltr'>quoque,</span> <span class='ocrx_word' id='word_1_116' title='bbox 1757 1785 1872 1836; x_wconf 88' lang='lat' dir='ltr'>quod</span> 
     </span>
     <span class='ocr_line' id='line_1_17' title="bbox 237 1855 1872 1910; baseline -0.002 -13"><span class='ocrx_word' id='word_1_117' title='bbox 237 1859 384 1898; x_wconf 88' lang='lat' dir='ltr'>iudicia</span> <span class='ocrx_word' id='word_1_118' title='bbox 416 1865 559 1898; x_wconf 83' lang='lat' dir='ltr'>nostra</span> <span class='ocrx_word' id='word_1_119' title='bbox 592 1873 674 1897; x_wconf 88' lang='lat' dir='ltr'>non</span> <span class='ocrx_word' id='word_1_120' title='bbox 710 1864 872 1898; x_wconf 81' lang='lat' dir='ltr'>tanturn</span> <span class='ocrx_word' id='word_1_121' title='bbox 905 1871 1046 1910; x_wconf 86' lang='lat' dir='ltr'>praua,</span> <span class='ocrx_word' id='word_1_122' title='bbox 1079 1858 1153 1896; x_wconf 89' lang='lat' dir='ltr'>sed</span> <span class='ocrx_word' id='word_1_123' title='bbox 1187 1857 1313 1896; x_wconf 86' lang='lat' dir='ltr'>etiam</span> <span class='ocrx_word' id='word_1_124' title='bbox 1347 1855 1452 1895; x_wconf 89' lang='lat' dir='ltr'>leuia</span> <span class='ocrx_word' id='word_1_125' title='bbox 1474 1861 1580 1898; x_wconf 87' lang='lat' dir='ltr'>sunt.</span> <span class='ocrx_word' id='word_1_126' title='bbox 1626 1855 1872 1895; x_wconf 85' lang='lat' dir='ltr'>fluctuamus</span> 
     </span>
     <span class='ocr_line' id='line_1_18' title="bbox 237 1926 1868 1982; baseline -0.002 -13"><span class='ocrx_word' id='word_1_127' title='bbox 237 1929 431 1982; x_wconf 80' lang='lat' dir='ltr'>aliudque</span> <span class='ocrx_word' id='word_1_128' title='bbox 475 1943 529 1969; x_wconf 82' lang='lat' dir='ltr'>ex</span> <span class='ocrx_word' id='word_1_129' title='bbox 572 1929 653 1969; x_wconf 86' lang='lat' dir='ltr'>alio</span> <span class='ocrx_word' id='word_1_130' title='bbox 687 1929 1020 1981; x_wconf 83' lang='lat' dir='ltr'>conprendimus.</span> <span class='ocrx_word' id='word_1_131' title='bbox 1085 1928 1216 1980; x_wconf 85' lang='lat' dir='ltr'>petita</span> <span class='ocrx_word' id='word_1_132' title='bbox 1249 1927 1534 1979; x_wconf 86' lang='lat' dir='ltr'>relinquimus,</span> <span class='ocrx_word' id='word_1_133' title='bbox 1579 1926 1722 1965; x_wconf 89' lang='lat' dir='ltr'>relicta</span> <span class='ocrx_word' id='word_1_134' title='bbox 1754 1939 1868 1978; x_wconf 84' lang='lat' dir='ltr'>repe-</span> 
     </span>
    </p>
   </div>
   <div class='ocr_carea' id='block_1_6' title="bbox 203 1997 1903 2124">
    <p class='ocr_par' dir='ltr' id='par_1_6' title="bbox 203 1997 1903 2124">
     <span class='ocr_line' id='line_1_19' title="bbox 238 1997 1903 2053; baseline -0.003 -13"><span class='ocrx_word' id='word_1_135' title='bbox 238 2001 373 2040; x_wconf 88' lang='lat' dir='ltr'>timus.</span> <span class='ocrx_word' id='word_1_136' title='bbox 436 2000 618 2040; x_wconf 78' lang='lat' dir='ltr'>alternae</span> <span class='ocrx_word' id='word_1_137' title='bbox 660 2001 765 2040; x_wconf 87' lang='lat' dir='ltr'>inter</span> <span class='ocrx_word' id='word_1_138' title='bbox 808 2000 1079 2053; x_wconf 85' lang='lat' dir='ltr'>cupiditatem</span> <span class='ocrx_word' id='word_1_139' title='bbox 1123 2005 1311 2038; x_wconf 88' lang='lat' dir='ltr'>nostram</span> <span class='ocrx_word' id='word_1_140' title='bbox 1356 2005 1398 2037; x_wconf 92' lang='lat' dir='ltr'>et</span> <span class='ocrx_word' id='word_1_141' title='bbox 1429 1997 1727 2050; x_wconf 88' lang='lat' dir='ltr'>paenitentiam</span> <span class='ocrx_word' id='word_1_142' title='bbox 1762 1998 1903 2036; x_wconf 86' lang='lat' dir='ltr'>uices:</span> 
     </span>
     <span class='ocr_line' id='line_1_20' title="bbox 203 2067 1872 2124; baseline -0.002 -13"><span class='ocrx_word' id='word_1_143' title='bbox 203 2092 217 2114; x_wconf 64' lang='lat' dir='ltr'>J,</span> <span class='ocrx_word' id='word_1_144' title='bbox 238 2078 343 2111; x_wconf 90' lang='lat' dir='ltr'>sunt.</span> <span class='ocrx_word' id='word_1_145' title='bbox 406 2073 638 2124; x_wconf 87' lang='lat' dir='ltr'>pendemus</span> <span class='ocrx_word' id='word_1_146' title='bbox 671 2072 779 2111; x_wconf 91' lang='lat' dir='ltr'>enim</span> <span class='ocrx_word' id='word_1_147' title='bbox 813 2072 891 2111; x_wconf 92' lang='lat' dir='ltr'>toti</span> <span class='ocrx_word' id='word_1_148' title='bbox 923 2085 978 2110; x_wconf 84' lang='lat' dir='ltr'>ex</span> <span class='ocrx_word' id='word_1_149' title='bbox 1011 2070 1149 2110; x_wconf 86' lang='lat' dir='ltr'>alienis</span> <span class='ocrx_word' id='word_1_150' title='bbox 1182 2070 1335 2109; x_wconf 87' lang='lat' dir='ltr'>iudiciis</span> <span class='ocrx_word' id='word_1_151' title='bbox 1368 2075 1409 2109; x_wconf 87' lang='lat' dir='ltr'>et</span> <span class='ocrx_word' id='word_1_152' title='bbox 1442 2070 1482 2109; x_wconf 91' lang='lat' dir='ltr'>id</span> <span class='ocrx_word' id='word_1_153' title='bbox 1515 2069 1721 2121; x_wconf 86' lang='lat' dir='ltr'>optimum</span> <span class='ocrx_word' id='word_1_154' title='bbox 1751 2067 1872 2107; x_wconf 88' lang='lat' dir='ltr'>nobis</span> 
     </span>
    </p>
   </div>
   <div class='ocr_carea' id='block_1_7' title="bbox 237 2138 1873 2408">
    <p class='ocr_par' dir='ltr' id='par_1_7' title="bbox 237 2138 1873 2408">
     <span class='ocr_line' id='line_1_21' title="bbox 240 2138 1873 2195; baseline -0.002 -13"><span class='ocrx_word' id='word_1_155' title='bbox 240 2143 412 2190; x_wconf 84' lang='lat' dir='ltr'>uidetur,</span> <span class='ocrx_word' id='word_1_156' title='bbox 445 2144 560 2194; x_wconf 89' lang='lat' dir='ltr'>quod</span> <span class='ocrx_word' id='word_1_157' title='bbox 593 2144 794 2195; x_wconf 87' lang='lat' dir='ltr'>petitores</span> <span class='ocrx_word' id='word_1_158' title='bbox 826 2142 1150 2193; x_wconf 86' lang='lat' dir='ltr'>laudatoresque</span> <span class='ocrx_word' id='word_1_159' title='bbox 1183 2141 1338 2181; x_wconf 88' lang='lat' dir='ltr'>multos</span> <span class='ocrx_word' id='word_1_160' title='bbox 1372 2140 1523 2188; x_wconf 83' lang='lat' dir='ltr'>habet,</span> <span class='ocrx_word' id='word_1_161' title='bbox 1567 2153 1651 2179; x_wconf 91' lang='lat' dir='ltr'>non</span> <span class='ocrx_word' id='word_1_162' title='bbox 1684 2139 1725 2178; x_wconf 90' lang='lat' dir='ltr'>id</span> <span class='ocrx_word' id='word_1_163' title='bbox 1758 2138 1873 2190; x_wconf 89' lang='lat' dir='ltr'>quod</span> 
     </span>
     <span class='ocr_line' id='line_1_22' title="bbox 237 2210 1872 2266; baseline -0.002 -14"><span class='ocrx_word' id='word_1_164' title='bbox 237 2213 491 2253; x_wconf 77' lang='lat' dir='ltr'>laudandum</span> <span class='ocrx_word' id='word_1_165' title='bbox 526 2215 840 2266; x_wconf 80' lang='lat' dir='ltr'>petendumque</span> <span class='ocrx_word' id='word_1_166' title='bbox 873 2220 946 2253; x_wconf 89' lang='lat' dir='ltr'>est.</span> <span class='ocrx_word' id='word_1_167' title='bbox 1010 2226 1086 2252; x_wconf 87' lang='lat' dir='ltr'>nec</span> <span class='ocrx_word' id='word_1_168' title='bbox 1118 2212 1228 2252; x_wconf 85' lang='lat' dir='ltr'>uiam</span> <span class='ocrx_word' id='word_1_169' title='bbox 1265 2213 1419 2251; x_wconf 86' lang='lat' dir='ltr'>bonam</span> <span class='ocrx_word' id='word_1_170' title='bbox 1454 2225 1502 2250; x_wconf 87' lang='lat' dir='ltr'>ac</span> <span class='ocrx_word' id='word_1_171' title='bbox 1534 2210 1689 2250; x_wconf 85' lang='lat' dir='ltr'>malam</span> <span class='ocrx_word' id='word_1_172' title='bbox 1722 2223 1796 2262; x_wconf 86' lang='lat' dir='ltr'>per</span> <span class='ocrx_word' id='word_1_173' title='bbox 1828 2223 1872 2249; x_wconf 93' lang='lat' dir='ltr'>se</span> 
     </span>
     <span class='ocr_line' id='line_1_23' title="bbox 238 2281 1870 2336; baseline -0.003 -12"><span class='ocrx_word' id='word_1_174' title='bbox 238 2285 527 2331; x_wconf 74' lang='lat' dir='ltr'>aestimamus,</span> <span class='ocrx_word' id='word_1_175' title='bbox 574 2285 648 2324; x_wconf 87' lang='lat' dir='ltr'>sed</span> <span class='ocrx_word' id='word_1_176' title='bbox 681 2285 803 2324; x_wconf 82' lang='lat' dir='ltr'>turba</span> <span class='ocrx_word' id='word_1_177' title='bbox 836 2284 1129 2336; x_wconf 72' lang='lat' dir='ltr'>uestigiormn,</span> <span class='ocrx_word' id='word_1_178' title='bbox 1173 2284 1211 2322; x_wconf 90' lang='lat' dir='ltr'>in</span> <span class='ocrx_word' id='word_1_179' title='bbox 1245 2282 1395 2335; x_wconf 88' lang='lat' dir='ltr'>quibus</span> <span class='ocrx_word' id='word_1_180' title='bbox 1427 2281 1538 2321; x_wconf 84' lang='lat' dir='ltr'>nulla</span> <span class='ocrx_word' id='word_1_181' title='bbox 1569 2287 1663 2321; x_wconf 86' lang='lat' dir='ltr'>sunt</span> <span class='ocrx_word' id='word_1_182' title='bbox 1695 2281 1870 2320; x_wconf 89' lang='lat' dir='ltr'>redeun-</span> 
     </span>
     <span class='ocr_line' id='line_1_24' title="bbox 238 2350 1871 2408; baseline -0.003 -13"><span class='ocrx_word' id='word_1_183' title='bbox 238 2357 354 2396; x_wconf 86' lang='lat' dir='ltr'>tium.</span> <span class='ocrx_word' id='word_1_184' title='bbox 418 2355 530 2395; x_wconf 85' lang='lat' dir='ltr'>dices</span> <span class='ocrx_word' id='word_1_185' title='bbox 565 2355 683 2395; x_wconf 87' lang='lat' dir='ltr'>mihi:</span> <span class='ocrx_word' id='word_1_186' title='bbox 733 2356 832 2408; x_wconf 88' lang='lat' dir='ltr'>quid</span> <span class='ocrx_word' id='word_1_187' title='bbox 864 2355 952 2408; x_wconf 81' lang='lat' dir='ltr'>agis</span> <span class='ocrx_word' id='word_1_188' title='bbox 982 2354 1169 2395; x_wconf 83' lang='lat' dir='ltr'>Seneca?</span> <span class='ocrx_word' id='word_1_189' title='bbox 1215 2355 1369 2394; x_wconf 84' lang='lat' dir='ltr'>deseris</span> <span class='ocrx_word' id='word_1_190' title='bbox 1402 2354 1571 2406; x_wconf 84' lang='lat' dir='ltr'>partes?</span> <span class='ocrx_word' id='word_1_191' title='bbox 1606 2357 1718 2392; x_wconf 85' lang='lat' dir='ltr'>certe</span> <span class='ocrx_word' id='word_1_192' title='bbox 1741 2350 1871 2391; x_wconf 84' lang='lat' dir='ltr'>Stoici</span> 
     </span>
    </p>
   </div>
   <div class='ocr_carea' id='block_1_8' title="bbox 239 2539 1872 2886">
    <p class='ocr_par' dir='ltr' id='par_1_8' title="bbox 239 2539 1872 2886">
     <span class='ocr_line' id='line_1_25' title="bbox 247 2539 1871 2586; baseline -0.004 -10"><span class='ocrx_word' id='word_1_193' title='bbox 247 2543 252 2575; x_wconf 87' lang='grc'>1</span> <span class='ocrx_word' id='word_1_194' title='bbox 286 2554 341 2574; x_wconf 86' lang='lat' dir='ltr'>cur</span> <span class='ocrx_word' id='word_1_195' title='bbox 368 2541 584 2577; x_wconf 75' lang='lat' dir='ltr'>deteriores:</span> <span class='ocrx_word' id='word_1_196' title='bbox 615 2545 691 2575; x_wconf 79' lang='lat' dir='ltr'>circi</span> <span class='ocrx_word' id='word_1_197' title='bbox 720 2545 779 2585; x_wconf 78' lang='lat' dir='ltr'>(rei</span> <span class='ocrx_word' id='word_1_198' title='bbox 807 2544 916 2586; x_wconf 75' lang='lat' dir='ltr'>corr.)</span> <span class='ocrx_word' id='word_1_199' title='bbox 1041 2544 1061 2577; x_wconf 72' lang='lat'><strong>2</strong></span> <span class='ocrx_word' id='word_1_200' title='bbox 1088 2543 1175 2574; x_wconf 82' lang='lat' dir='ltr'>aliud</span> <span class='ocrx_word' id='word_1_201' title='bbox 1205 2543 1238 2585; x_wconf 90' lang='lat' dir='ltr'>(d</span> <span class='ocrx_word' id='word_1_202' title='bbox 1266 2542 1376 2583; x_wconf 80' lang='lat' dir='ltr'>corr.)</span> <span class='ocrx_word' id='word_1_203' title='bbox 1499 2542 1518 2573; x_wconf 67' lang='lat'>:3</span> <span class='ocrx_word' id='word_1_204' title='bbox 1545 2551 1604 2582; x_wconf 80' lang='lat' dir='ltr'>pse</span> <span class='ocrx_word' id='word_1_205' title='bbox 1632 2540 1690 2581; x_wconf 81' lang='lat' dir='ltr'>(m,</span> <span class='ocrx_word' id='word_1_206' title='bbox 1715 2549 1772 2583; x_wconf 78' lang='lat' dir='ltr'>pr.</span> <span class='ocrx_word' id='word_1_207' title='bbox 1800 2539 1871 2581; x_wconf 81' lang='lat' dir='ltr'>pse)</span> 
     </span>
     <span class='ocr_line' id='line_1_26' title="bbox 356 2596 1869 2647; baseline -0.003 -12"><span class='ocrx_word' id='word_1_208' title='bbox 356 2603 372 2635; x_wconf 79' lang='lat' dir='ltr'>-i</span> <span class='ocrx_word' id='word_1_209' title='bbox 404 2604 445 2633; x_wconf 77' lang='lat' dir='ltr'>ad</span> <span class='ocrx_word' id='word_1_210' title='bbox 474 2604 506 2645; x_wconf 80' lang='lat' dir='ltr'>(d</span> <span class='ocrx_word' id='word_1_211' title='bbox 535 2612 643 2638; x_wconf 68' lang='lat' dir='ltr'>corr.)</span> <span class='ocrx_word' id='word_1_212' title='bbox 790 2603 808 2635; x_wconf 75' lang='grc' dir='ltr'>ἰ)</span> <span class='ocrx_word' id='word_1_213' title='bbox 837 2604 1016 2644; x_wconf 73' lang='lat' dir='ltr'>dirigamus</span> <span class='ocrx_word' id='word_1_214' title='bbox 1043 2601 1161 2647; x_wconf 78' lang='lat' dir='ltr'>(prior</span> <span class='ocrx_word' id='word_1_215' title='bbox 1187 2602 1195 2632; x_wconf 92' lang='lat' dir='ltr'>i</span> <span class='ocrx_word' id='word_1_216' title='bbox 1222 2601 1255 2634; x_wconf 73' lang='lat' dir='ltr'>in</span> <span class='ocrx_word' id='word_1_217' title='bbox 1285 2600 1371 2642; x_wconf 84' lang='lat' dir='ltr'>ras.)</span> <span class='ocrx_word' id='word_1_218' title='bbox 1519 2600 1579 2631; x_wconf 74' lang='lat' dir='ltr'>nisi</span> <span class='ocrx_word' id='word_1_219' title='bbox 1606 2600 1673 2631; x_wconf 77' lang='lat' dir='ltr'>otio</span> <span class='ocrx_word' id='word_1_220' title='bbox 1702 2596 1869 2632; x_wconf 73' lang='lat' dir='ltr'>Fz&#39;clcerc:</span> 
     </span>
     <span class='ocr_line' id='line_1_27' title="bbox 239 2655 1868 2704; baseline -0.002 -11"><span class='ocrx_word' id='word_1_221' title='bbox 239 2663 269 2693; x_wconf 84' lang='lat' dir='ltr'>in</span> <span class='ocrx_word' id='word_1_222' title='bbox 297 2664 364 2693; x_wconf 73' lang='lat' dir='ltr'>otio</span> <span class='ocrx_word' id='word_1_223' title='bbox 487 2663 622 2703; x_wconf 68' lang='lat' dir='ltr'>optineri</span> <span class='ocrx_word' id='word_1_224' title='bbox 654 2660 823 2704; x_wconf 68' lang='lat' dir='ltr'>Madue&#39;ff:</span> <span class='ocrx_word' id='word_1_225' title='bbox 854 2663 1000 2704; x_wconf 79' lang='lat' dir='ltr'>optinere</span> <span class='ocrx_word' id='word_1_226' title='bbox 1122 2662 1141 2691; x_wconf 69' lang='grc' dir='ltr'>ἵ)</span> <span class='ocrx_word' id='word_1_227' title='bbox 1177 2661 1255 2691; x_wconf 84' lang='lat' dir='ltr'>illud</span> <span class='ocrx_word' id='word_1_228' title='bbox 1283 2661 1318 2703; x_wconf 55' lang='lat' dir='ltr'>(d</span> <span class='ocrx_word' id='word_1_229' title='bbox 1344 2659 1453 2701; x_wconf 74' lang='lat' dir='ltr'>corr.)</span> <span class='ocrx_word' id='word_1_230' title='bbox 1583 2658 1620 2691; x_wconf 75' lang='lat' dir='ltr'>lo</span> <span class='ocrx_word' id='word_1_231' title='bbox 1654 2659 1698 2690; x_wconf 85' lang='lat' dir='ltr'>sic</span> <span class='ocrx_word' id='word_1_232' title='bbox 1726 2669 1765 2689; x_wconf 84' lang='lat' dir='ltr'>ne</span> <span class='ocrx_word' id='word_1_233' title='bbox 1794 2655 1868 2690; x_wconf 66' lang='lat' dir='ltr'>E2:</span> 
     </span>
     <span class='ocr_line' id='line_1_28' title="bbox 240 2715 1870 2763; baseline -0.001 -12"><span class='ocrx_word' id='word_1_234' title='bbox 240 2723 307 2753; x_wconf 67' lang='lat' dir='ltr'>sine</span> <span class='ocrx_word' id='word_1_235' title='bbox 436 2722 464 2754; x_wconf 83' lang='lat'>11</span> <span class='ocrx_word' id='word_1_236' title='bbox 500 2723 587 2753; x_wconf 82' lang='lat' dir='ltr'>aliud</span> <span class='ocrx_word' id='word_1_237' title='bbox 615 2722 649 2761; x_wconf 70' lang='lat' dir='ltr'>(d</span> <span class='ocrx_word' id='word_1_238' title='bbox 676 2723 785 2763; x_wconf 76' lang='lat' dir='ltr'>corr.)</span> <span class='ocrx_word' id='word_1_239' title='bbox 931 2731 1064 2763; x_wconf 70' lang='lat' dir='ltr'>qrioc12÷÷÷</span> <span class='ocrx_word' id='word_1_240' title='bbox 1218 2720 1253 2753; x_wconf 72' lang='lat'>12</span> <span class='ocrx_word' id='word_1_241' title='bbox 1281 2719 1451 2751; x_wconf 79' lang='lat' dir='ltr'>ssuctuam’.</span> <span class='ocrx_word' id='word_1_242' title='bbox 1481 2720 1648 2762; x_wconf 75' lang='lat' dir='ltr'>(praeter</span> <span class='ocrx_word' id='word_1_243' title='bbox 1675 2719 1693 2749; x_wconf 80' lang='lat' dir='ltr'>ss</span> <span class='ocrx_word' id='word_1_244' title='bbox 1721 2717 1756 2750; x_wconf 76' lang='lat' dir='ltr'>in</span> <span class='ocrx_word' id='word_1_245' title='bbox 1782 2715 1870 2760; x_wconf 81' lang='lat' dir='ltr'>ras.)</span> 
     </span>
     <span class='ocr_line' id='line_1_29' title="bbox 368 2776 1872 2824; baseline -0.004 -11"><span class='ocrx_word' id='word_1_246' title='bbox 368 2782 403 2813; x_wconf 68' lang='lat'>13}</span> <span class='ocrx_word' id='word_1_247' title='bbox 432 2782 519 2813; x_wconf 81' lang='lat' dir='ltr'>aliud</span> <span class='ocrx_word' id='word_1_248' title='bbox 547 2793 580 2824; x_wconf 67' lang='grc' dir='ltr'>(μ</span> <span class='ocrx_word' id='word_1_249' title='bbox 611 2783 658 2823; x_wconf 79' lang='lat' dir='ltr'>(q;</span> <span class='ocrx_word' id='word_1_250' title='bbox 682 2782 792 2824; x_wconf 71' lang='lat' dir='ltr'>corr.)</span> <span class='ocrx_word' id='word_1_251' title='bbox 922 2780 959 2813; x_wconf 64' lang='lat'>14</span> <span class='ocrx_word' id='word_1_252' title='bbox 987 2781 1164 2823; x_wconf 62' lang='lat' dir='ltr'>penitentia</span> <span class='ocrx_word' id='word_1_253' title='bbox 1263 2795 1269 2800; x_wconf 87' lang='lat'>-</span> <span class='ocrx_word' id='word_1_254' title='bbox 1293 2780 1328 2812; x_wconf 72' lang='grc' dir='ltr'>Μ’»</span> <span class='ocrx_word' id='word_1_255' title='bbox 1356 2779 1610 2819; x_wconf 71' lang='lat' dir='ltr'>laudatores‹1;-:.v.-</span> <span class='ocrx_word' id='word_1_256' title='bbox 1738 2778 1775 2810; x_wconf 64' lang='lat'>1⁴.)</span> <span class='ocrx_word' id='word_1_257' title='bbox 1802 2776 1872 2818; x_wconf 83' lang='lat' dir='ltr'>agis</span> 
     </span>
     <span class='ocr_line' id='line_1_30' title="bbox 242 2838 1245 2886; baseline 0 -14"><span class='ocrx_word' id='word_1_258' title='bbox 242 2840 460 2874; x_wconf 68' lang='lat' dir='ltr'>‹lelcrt&#39;0rc52</span> <span class='ocrx_word' id='word_1_259' title='bbox 492 2842 538 2871; x_wconf 69' lang='lat' dir='ltr'>ais</span> <span class='ocrx_word' id='word_1_260' title='bbox 659 2842 751 2873; x_wconf 81' lang='lat' dir='ltr'>stoici</span> <span class='ocrx_word' id='word_1_261' title='bbox 779 2842 829 2873; x_wconf 79' lang='lat' dir='ltr'>firi</span> <span class='ocrx_word' id='word_1_262' title='bbox 858 2842 1020 2886; x_wconf 74' lang='lat' dir='ltr'>(praeter</span> <span class='ocrx_word' id='word_1_263' title='bbox 1047 2841 1070 2871; x_wconf 87' lang='lat' dir='ltr'>ri</span> <span class='ocrx_word' id='word_1_264' title='bbox 1098 2839 1131 2873; x_wconf 77' lang='lat' dir='ltr'>in</span> <span class='ocrx_word' id='word_1_265' title='bbox 1160 2838 1245 2881; x_wconf 71' lang='grc' dir='ltr'>νας.)</span> 
     </span>
    </p>
   </div>
   <div class='ocr_carea' id='block_1_9' title="bbox 1901 1081 1912 1114">
    <p class='ocr_par' dir='ltr' id='par_1_9' title="bbox 1901 1081 1912 1114">
     <span class='ocr_line' id='line_1_31' title="bbox 1901 1081 1912 1114; baseline 0 0"><span class='ocrx_word' id='word_1_266' title='bbox 1901 1081 1912 1114; x_wconf 90' lang='lat' dir='ltr'>l</span> 
     </span>
    </p>
   </div>
   <div class='ocr_carea' id='block_1_10' title="bbox 1898 1648 1918 1682">
    <p class='ocr_par' dir='ltr' id='par_1_10' title="bbox 1898 1648 1918 1682">
     <span class='ocr_line' id='line_1_32' title="bbox 1898 1648 1918 1682; textangle 90"><span class='ocrx_word' id='word_1_267' title='bbox 1898 1648 1918 1682; x_wconf 68' lang='lat'>10</span> 
     </span>
    </p>
   </div>
  </div>
 </body>
</html>
