2008 3221
227 1812 256 1837 lu

838 557 877 599 L.
909 556 1100 599 ANNAEI
1144 555 1365 599 SENECAE

561 655 1152 718 DIALOGORVM
1204 655 1466 717 LIBER
1519 655 1632 718 III.

934 796 1000 826 AD
1027 796 1087 828 ΝΟ
1094 796 1260 826 VATVM

996 891 1069 927 DE
1110 892 1202 927 IRA

958 991 1234 1016 LIBERI.

398 1162 425 1201 Ι.
496 1141 690 1214 Exegisti
734 1175 758 1200 a
799 1175 889 1209 me,
942 1162 1130 1209 Nouate,
1186 1169 1230 1201 ut
1282 1162 1507 1201 scriberem
1550 1161 1913 1214 quemadmodum

278 1238 425 1285 posset
457 1233 515 1272 ira
547 1232 671 1279 leniri,
705 1247 781 1272 nec
805 1233 997 1272 inmerito
1020 1233 1119 1271 mihi
1142 1233 1293 1272 uideris
1326 1233 1436 1271 hunc
1457 1233 1680 1285 praecipue
1701 1211 1915 1271 3όῖεέἷῖἦῖ

279 1303 540 1356 pertimuisse
573 1304 758 1342 maxime
792 1318 847 1342 ex
875 1303 1070 1343 omnibus
1103 1309 1284 1343 taetrum
1307 1317 1356 1342 ac
1378 1283 1583 1342 rabiduiii
1625 1303 1772 1342 ceteris
1805 1304 1913 1342 enim

279 1374 433 1426 aliquid
465 1374 591 1426 quieti
636 1373 870 1427 placidique
914 1375 1039 1422 inest,
1085 1374 1150 1413 liic
1192 1380 1307 1413 totus
1351 1375 1582 1413 concitatus
1626 1379 1668 1413 et
1700 1375 1739 1413 in
1772 1374 1913 1426 inpetu

279 1444 436 1484 doloris
459 1450 532 1492 est,
562 1458 775 1484 armorum
809 1446 1020 1497 sanguinis
1052 1444 1348 1497 suppliciorum
1379 1446 1548 1484 minime
1570 1444 1754 1484 humana
1775 1444 1913 1484 furens

279 1516 518 1568 cupiditate,
552 1516 652 1554 dum
683 1515 799 1555 alteri
829 1522 979 1555 noceat
1012 1516 1072 1555 sui
1105 1516 1346 1567 neglegens,
1378 1516 1417 1554 in
1450 1516 1539 1569 ipsa
1560 1516 1724 1554 inruens
1756 1515 1840 1554 tela
1872 1522 1913 1555 et

278 1586 443 1625 ultionis
475 1599 617 1625 secum
650 1586 830 1625 ultorem
860 1582 1247 1635 tractmaebauidus.
1307 1587 1476 1638 quidam
1518 1587 1656 1638 itaque
1696 1600 1719 1625 e
1750 1587 1910 1639 sapien-

277 1657 386 1695 tibus
420 1656 513 1696 uiris
545 1657 647 1696 iram
687 1658 886 1696 dixerunt
924 1657 1099 1696 breuem
1130 1657 1343 1721 insaniam.
1407 1671 1539 1709 aeque
1578 1658 1686 1697 enim
1718 1658 1913 1710 inpotens

277 1728 337 1766 sui
371 1734 445 1775 est,
479 1728 640 1767 decoris
684 1727 835 1776 oblita,
881 1702 1246 1767 necessltudinum
1279 1728 1506 1781 inmemor,
1548 1729 1587 1767 in
1626 1729 1742 1780 quod
1774 1729 1913 1781 coepit

278 1799 471 1850 pertinax
515 1805 556 1838 et
598 1799 776 1839 intenta
820 1799 968 1837 rationi
1024 1798 1284 1850 consiliisque
1321 1783 1556 1851 praeciusa,
1601 1799 1715 1839 uanis
1757 1799 1914 1851 agitata

276 1869 419 1915 causis,
453 1869 507 1907 ad
540 1869 775 1922 dispectum
808 1870 928 1921 aequi
960 1870 1128 1921 uerique
1161 1868 1359 1917 inhabilis,
1404 1870 1526 1909 ruinis
1557 1869 1775 1918 simillima,
1806 1883 1913 1922 quae

275 1953 399 1992 super
441 1938 479 1977 id
523 1941 638 1990 quod
677 1953 924 1993 oppressere
966 1939 1221 1991 franguntur.
1290 1946 1334 1979 ut
1376 1941 1480 1980 scias
1523 1947 1665 1980 autem
1703 1954 1789 1980 non
1821 1954 1913 1980 esse

275 2023 400 2049 sanos
432 2023 537 2061 quos
570 2011 627 2049 ira
658 2011 868 2063 possedit,
912 2011 1047 2063 ipsum
1087 2010 1249 2050 illorum
1282 2011 1472 2050 habitum
1506 2012 1675 2051 intuere.
1738 2025 1834 2051 nam
1868 2013 1922 2050 ut

275 2080 498 2120 furentium
517 2088 630 2120 certa
652 2082 800 2120 indicia
818 2087 914 2121 sunt
936 2081 1076 2120 audax
1100 2084 1140 2122 et
1163 2082 1305 2120 minax
1328 2081 1475 2130 uoltus,
1498 2083 1622 2121 tristis
1645 2082 1769 2130 frons,
1791 2088 1914 2138 togua

278 2151 411 2200 facies
466 2153 615 2191 citatus
658 2153 823 2204 gradus,
867 2152 1072 2204 inquietae
1116 2166 1282 2200 manus,
1327 2152 1442 2192 color
1485 2167 1638 2201 uersus,
1682 2153 1829 2193 crebra
1871 2159 1912 2192 et

278 2222 566 2262 uehementius
619 2230 711 2262 acta
764 2223 947 2276 suspiria,
1001 2223 1056 2262 ita
1108 2223 1371 2263 irascentium
1426 2224 1575 2263 eadem
1628 2224 1746 2276 signa
1788 2231 1907 2263 sunt:

277 2293 453 2344 flagrant
495 2307 543 2333 ac
582 2295 734 2334 micant
766 2294 884 2342 oculi,
932 2297 1088 2333 multus
1129 2307 1202 2333 ore
1234 2300 1328 2334 toto
1373 2295 1500 2334 rubor
1539 2300 1815 2334 exaestuante
1857 2293 1910 2333 ab

276 2364 366 2402 imis
398 2365 652 2416 praecordiis
684 2365 905 2416 sanguine,
950 2364 1067 2404 labra
1106 2366 1362 2417 quatiuntur,
1405 2366 1553 2405 dentes
1586 2366 1910 2418 conprimuntur,

275 2434 447 2474 horrent
478 2448 526 2474 ac
558 2435 825 2487 subriguntur
858 2435 1003 2488 capilli,
1037 2436 1201 2488 spiritus
1234 2442 1404 2475 coactus
1447 2449 1496 2475 ac
1527 2437 1717 2483 stridens,
1761 2435 1909 2475 articu-

382 2564 402 2595 2
429 2564 561 2595 imerito
672 2564 821 2594 affectum
933 2566 952 2595 :5
982 2567 1094 2594 tetrum
1206 2563 1225 2592 ἴ)
1255 2564 1378 2594 doloris
1404 2568 1450 2594 est
1476 2562 1554 2597 cod.
1582 2570 1627 2595 est
1654 2564 1776 2594 doloris
1803 2563 1912 2608 wll-rso

393 2623 412 2652 (ἱ
440 2623 560 2652 irruens
688 2621 700 2654 Ῑ
731 2623 867 2653 ultorem
895 2626 1055 2653 tracturae
1074 2619 1288 2655 Pincianus:
1319 2623 1418 2653 inulta
1444 2623 1491 2653 ira
1517 2626 1664 2655 tractier
1692 2623 1728 2663 (ᾗ
1757 2622 1793 2655 in
1820 2623 1910 2665 ras.)

392 2685 412 2707 δ’
439 2682 476 2722 eil
591 2684 610 2711 ἲ)
639 2681 726 2722 ffljpit
847 2681 878 2713 Il
911 2681 1088 2722 dispectum
1118 2679 1333 2714 deteriores:
1363 2682 1518 2723 despecti-1
1630 2680 1667 2713 Η
1696 2687 1765 2713 sunt
1793 2680 1910 2724 audax]

273 2743 373 2772 recta
407 2740 647 2784 inlcrpzmclio
685 2738 919 2783 (ηηζιμιὺαίην
945 2739 1034 2772 enim
1069 2742 1156 2779 sunt,
1192 2741 1311 2781 audax)
1340 2752 1362 2772 a
1393 2739 1536 2773 Gerlzz'o
1564 2744 1735 2773 reuocata
1762 2740 1833 2773 iam
1859 2739 1912 2773 jn-

272 2797 417 2831 venitm·
442 2797 476 2830 2⁶72
504 2797 559 2832 etl.
593 2797 678 2832 Ven.
699 2797 759 2831 alt.
875 2795 948 2829 uult'
1070 2797 1103 2830 li*
1132 2804 1337 2830 exaestuante
1369 2797 1415 2831 B:
1446 2803 1475 2830 et
1502 2804 1645 2830 estuante
1763 2799 1803 2832 11⁸<
1829 2800 1912 2840 ymis

424 2857 458 2888 Η)
486 2854 653 2897 surriguns

1939 1592 1960 1624 10

1940 1943 1957 1959 ’λ

1939 1960 1959 1975 ι)

1938 2295 1954 2328 4¹
