1977 3231
93 1022 112 1054 (ᾧ

406 135 510 162 DIAL.
526 136 588 163 VII.
626 136 681 162 AD
702 136 933 163 GALLIONEM
957 138 1009 164 DE
1028 137 1121 163 VITA
1142 138 1283 166 BEATA.
1323 140 1364 167 Π.
1389 140 1428 166 18.
1450 141 1490 166 19.
1686 144 1760 182 171

141 232 310 284 perueni
352 233 404 272 ad
446 233 689 281 sanitatem,
723 247 774 273 ne
805 234 1043 286 perueniam
1076 235 1257 286 quidem.
1321 235 1600 276 delenimenta
1632 237 1765 288 magis

141 317 267 356 quam
320 304 504 343 remedia
555 303 770 355 podagrae
822 318 941 344 meae
993 318 1211 357 conpono,
1264 311 1508 355 contentus,
1560 306 1591 345 si
1639 308 1766 347 rarius

141 375 301 414 accedit
332 381 374 414 et
406 375 438 413 si
471 375 604 414 minus
636 375 909 416 uerminatur:
945 377 1090 415 uestris
1112 377 1281 428 quidem
1304 378 1481 429 pedibus
1503 384 1764 429 conparatuS,

141 444 319 493 debiles,
362 459 503 485 cursor
534 459 638 485 sum.
701 446 804 486 haec
835 460 919 486 non
951 461 1028 499 pro
1062 461 1130 487 me
1161 447 1323 500 loquor,
1356 462 1436 501 ego
1469 449 1577 488 enim
1609 449 1649 488 in
1681 448 1766 489 alto

141 516 333 556 uitiorum
366 516 551 556 omnium
583 531 687 565 sum,
719 518 794 557 sed
826 531 903 569 pro
937 517 1017 565 illo,
1050 519 1112 557 cui
1144 518 1296 571 aliquid
1328 520 1407 559 acti
1440 525 1513 560 est.

257 587 410 626 XVIII.
463 587 619 636 Aliter,
663 587 812 640 inquit,
855 588 1047 641 loqueriS,
1080 588 1196 628 aliter
1227 590 1338 629 uiuis.
1412 589 1512 638 hoc,
1558 589 1763 642 malignis-

139 660 244 698 sima
275 658 412 710 capita
443 665 484 698 et
517 659 678 710 optimo
718 660 863 711 cuique
905 659 1204 707 inimicissima,
1238 659 1399 700 Platoni
1442 661 1653 701 obiectum
1693 667 1766 709 est,

139 729 350 769 obiectum
398 729 604 781 Epicuro,
646 729 857 769 obiectum
890 730 1059 769 Zenoni.
1123 744 1270 769 omnes
1315 733 1423 770 enim
1466 732 1529 770 isti
1571 732 1767 772 dicebant

139 813 223 839 non
255 800 615 852 quemadmodum
648 802 724 852 ipsi
755 802 960 848 uiuerent,
992 801 1068 839 sed
1100 802 1461 853 quemadmodum
1495 809 1605 842 esset
1639 802 1763 854 [ipsis]

140 870 373 910 uiuendum.
417 870 470 910 de
503 872 664 918 uirtute,
697 884 779 910 non
812 871 866 910 de
898 884 966 910 me
998 870 1159 923 loquor,
1193 877 1234 911 et
1266 885 1360 911 cum
1395 872 1500 912 uitiis
1533 874 1764 927 conuicium

139 940 256 988 facio,
288 941 327 979 in
359 941 500 993 primis
534 943 636 981 meis
668 940 794 981 facio:
832 955 926 981 cum
960 948 1148 993 potuero,
1182 944 1319 982 uiuam
1342 944 1561 995 quomodo
1585 948 1765 995 oportet.

139 1025 215 1051 nec
247 1011 482 1064 malignitas
515 1025 582 1051 me
615 1014 695 1052 ista
726 1011 860 1052 multo
894 1026 1055 1052 ueneno
1088 1015 1217 1053 tincta
1250 1014 1563 1066 deterrebit-ab
1585 1016 1764 1066 optimis.

138 1096 191 1122 ne
230 1084 337 1122 uirus
370 1083 538 1135 quidem
572 1084 704 1132 istud,
746 1096 829 1135 quo
863 1083 964 1124 alios
996 1086 1212 1135 spargitis,
1254 1098 1338 1137 quo
1370 1098 1445 1124 uos
1477 1087 1655 1133 necatis,
1699 1098 1767 1124 me

138 1154 344 1205 inpediet,
387 1168 470 1205 quo
514 1155 648 1193 minus
690 1167 955 1206 perseuerem
1000 1154 1169 1194 laudare
1202 1156 1352 1203 uitam,
1395 1169 1479 1194 non
1511 1169 1637 1208 quam
1673 1169 1767 1208 ago,

139 1224 214 1263 sed
245 1238 370 1277 quam
404 1225 613 1275 agendam
647 1226 744 1272 scio,
777 1239 861 1277 quo
895 1227 1029 1265 minus
1062 1227 1258 1265 uirtutem
1292 1226 1464 1266 adorem
1499 1233 1541 1267 et
1563 1240 1617 1266 ex
1640 1228 1764 1267 inter-

139 1294 248 1335 uallo
280 1297 437 1347 ingenti
471 1295 757 1347 reptabundus
789 1309 949 1347 sequar.
1000 1296 1238 1348 expectabo
1271 1296 1436 1345 scilicet,
1472 1304 1515 1337 ut
1546 1299 1766 1349 quicquam

139 1364 447 1405 maliuolentiae
480 1365 725 1405 inuiolatum
758 1368 822 1414 sit,
858 1368 920 1406 cui
954 1381 1070 1406 sacer
1102 1381 1178 1407 nec
1209 1367 1386 1407 Rutilius
1419 1367 1490 1407 fuit
1523 1381 1599 1407 nec
1633 1367 1766 1408 Cato?

139 1443 253 1476 curet
285 1436 439 1489 aliquis,
473 1451 524 1476 an
557 1438 643 1477 istis
676 1439 796 1477 nimis
830 1438 944 1478 diues
976 1440 1175 1487 uideatur,
1208 1439 1356 1490 quibus
1379 1439 1618 1479 Demetrius
1642 1438 1765 1490 Cyni-

140 1521 210 1547 cus
243 1520 389 1559 parum
422 1520 581 1559 pauper
614 1510 704 1548 est?
738 1510 869 1548 uirum
905 1510 1150 1548 acerrimum
1184 1516 1225 1549 et
1258 1516 1405 1549 contra
1436 1511 1576 1549 omnia
1597 1515 1768 1549 naturae

139 1578 346 1618 desideria
366 1584 636 1630 pugnantem,
669 1578 752 1618 hoc
771 1581 1062 1631 pauperiorem
1085 1594 1211 1632 quam
1234 1587 1398 1620 ceteros
1423 1580 1615 1632 Cynicos,
1639 1580 1764 1633 quod,

140 1663 232 1688 cum
274 1649 352 1688 sibi
394 1649 657 1690 interdixerit
698 1649 874 1698 habere,
918 1651 1136 1690 interdixit
1168 1657 1209 1690 et
1241 1665 1436 1702 poscere,
1478 1658 1634 1703 negant
1665 1652 1766 1691 satis

140 1733 274 1771 egere.
337 1720 453 1759 uides
496 1721 632 1759 enim?
685 1734 769 1760 non
811 1722 972 1760 uirtutis
1024 1722 1243 1761 scientiam
1295 1723 1370 1761 sed
1419 1723 1618 1774 egestatis
1669 1735 1764 1774 pro-

139 1789 269 1830 fessus
302 1796 376 1830 est.

257 1860 371 1900 XIX.
434 1861 692 1909 Diodorum,
726 1861 978 1914 Epicureum
1010 1862 1332 1915 philosophum,
1372 1865 1440 1915 qui
1473 1865 1580 1903 intra
1611 1877 1766 1915 paucos

139 1933 228 1972 dies
260 1931 385 1971 finem
418 1934 528 1973 uitae
560 1946 660 1972 suae
692 1946 817 1972 manu
849 1946 923 1973 sua
954 1935 1156 1985 inposuit,
1189 1940 1344 1986 negant
1377 1948 1431 1974 ex
1465 1935 1635 1974 decreto
1668 1934 1764 1986 Epi·
1787 1947 1800 1967 ’-

143 2097 156 2129 1
196 2097 325 2138 perueni
359 2098 393 2129 el
417 2096 603 2137 perueniam
631 2094 846 2130 deteriores:
889 2098 995 2138 puenit
1023 2100 1056 2131 et
1086 2098 1214 2139 pueniat
1383 2098 1403 2131 2
1436 2109 1600 2139 compono

141 2155 160 2187 :³3
187 2152 593 2189 uei-minatur,Muretus:
631 2156 849 2196 ueram-inatus
970 2161 1176 2198 comparatus
1203 2155 1422 2191 deteriores:
1452 2158 1655 2199 consparatui

150 2214 156 2246 Ῑ
196 2215 318 2246 debiles
347 2211 572 2247 Gronom‘us:
602 2215 719 2246 debilis
855 2226 964 2246 cursor
992 2215 1042 2256 (or
1068 2214 1101 2248 in
1129 2214 1217 2257 ras.)
1347 2227 1408 2257 ego
1435 2217 1520 2247 enim
1547 2214 1675 2261 uulqoz
1713 2220 1765 2248 eni

1745 2273 1766 2282 v-

140 2284 202 2314 ego
230 2273 393 2317 (praeter
418 2284 461 2314 go
487 2272 522 2306 in
549 2274 635 2315 ras.)
670 2272 721 2307 ita
747 2279 783 2306 m
811 2273 973 2307 conicere
1009 2272 1115 2308 liceat
1149 2285 1224 2305 nam
1259 2285 1340 2316 eg03
1377 2274 1425 2318 cs.
1454 2273 1497 2308 de
1522 2274 1579 2308 ira
1606 2276 1636 2317 3,
1670 2276 1719 2313 12,
1751 2282 1761 2306 r

141 2335 190 2370 tu,
217 2332 328 2374 inquit,
357 2332 555 2373 Spemippe,
591 2333 749 2363 seruulum
778 2334 870 2364 istum
899 2333 1085 2364 uerberibus
1117 2334 1276 2375 obiurga:
1312 2344 1388 2364 nam
1415 2344 1476 2375 ego
1504 2335 1626 2365 irascor

141 2390 160 2421 5
188 2390 311 2432 aliquid
338 2390 373 2433 (d
401 2400 450 2424 ew
477 2398 487 2421 t
514 2392 624 2429 corr.)
748 2391 767 2424 6
796 2392 895 2433 inquit
922 2390 1050 2436 mclyo:
1081 2393 1184 2434 inquis
1281 2392 1300 2425 (ζ)
1328 2393 1404 2434 ipsis
1429 2391 1575 2426 induxit
1594 2391 1767 2434 Mar-etas,

141 2459 255 2492 neque
289 2448 379 2482 em'm
414 2448 529 2483 solum
564 2449 669 2494 ipsis,
710 2448 776 2483 sed
806 2449 886 2483 alies·
918 2460 1078 2494 quoque,
1112 2449 1410 2495 quemadmodum
1447 2451 1628 2493 uiuerent,
1656 2461 1766 2496 prae-

141 2500 318 2552 cipiebant
442 2508 482 2541 13
509 2519 566 2540 uos
592 2510 713 2540 necatis
741 2508 958 2543 deteriores:
989 2521 1045 2541 uos
1072 2511 1197 2551 negatis
1225 2509 1331 2552 (e'nler
1356 2521 1413 2542 uos
1439 2514 1472 2543 ec
1497 2511 1622 2551 negatis
1644 2520 1767 2555 parua

141 2565 296 2607 lamma).
335 2565 443 2601 Recte
460 2566 623 2612 Lipsius:
653 2567 790 2601 inuidia
816 2578 991 2602 uenenum
1017 2578 1119 2601 sunm
1147 2568 1227 2613 ipsa
1255 2567 1340 2602 bibit
1451 2580 1503 2600 me
1529 2569 1681 2610 impediet
1709 2567 1766 2602 de-

142 2625 314 2659 teriores:
343 2637 383 2658 ne
409 2627 551 2667 inpediet
676 2626 716 2659 15
743 2628 890 2659 uirtutem
918 2628 1051 2658 adorem
1080 2626 1158 2662 cod.
1186 2630 1219 2662 el
1246 2630 1386 2662 ueteres
1412 2626 1593 2667 editiones,
1619 2625 1768 2661 Fickert

142 2690 174 2718 ec
201 2683 323 2719 Haase
356 2686 491 2717 adorem
514 2685 843 2729 praetermiserunt
978 2686 1015 2719 18
1049 2691 1133 2718 curet
1161 2685 1305 2720 Haase:
1335 2697 1389 2717 cur
1414 2691 1444 2718 et
1582 2686 1622 2719 19
1657 2691 1768 2717 nature

259 2743 303 2776 22
329 2745 419 2775 uides
445 2745 552 2775 enim?
579 2744 678 2788 quod
701 2744 795 2778 redit
821 2748 973 2789 quaesll.
993 2749 1064 2780 nal.
1085 2747 1116 2785 7,
1137 2747 1191 2788 27,
1210 2747 1230 2778 4
1249 2745 1381 2779 iniuria
1398 2747 1584 2790 suspectat
1601 2743 1763 2788 Madmffi

143 2801 264 2846 aliquo
290 2801 394 2836 modo
420 2802 533 2838 simile
559 2814 638 2848 epp.
660 2805 713 2843 77,
735 2804 776 2836 18
803 2804 909 2835 uiuere
936 2804 1002 2835 uis:
1032 2805 1094 2835 scis
1121 2804 1228 2835 enim?
1351 2803 1395 2836 24
1422 2805 1586 2846 epicurum
1607 2802 1765 2834 filososum

262 2860 304 2894 25)
332 2863 483 2903 imposuit

1791 884 1819 908 10

1790 1237 1820 1262 15

1786 1589 1819 1614 20
