<?xml version="1.0" encoding="UTF-8"?>
<!DOCTYPE html PUBLIC "-//W3C//DTD XHTML 1.0 Transitional//EN"
    "http://www.w3.org/TR/xhtml1/DTD/xhtml1-transitional.dtd">
<html xmlns="http://www.w3.org/1999/xhtml" xml:lang="en" lang="en">
 <head>
  <title>
</title>
<meta http-equiv="Content-Type" content="text/html;charset=utf-8" />
  <meta name='ocr-system' content='tesseract 3.04.00' />
  <meta name='ocr-capabilities' content='ocr_page ocr_carea ocr_par ocr_line ocrx_word'/>
</head>
<body>
  <div class='ocr_page' id='page_1' title='image "./dialogorumlibrid00seneuoft_0130.png"; bbox 0 0 2008 3221; ppageno 0'>
   <div class='ocr_carea' id='block_1_1' title="bbox 235 103 1359 147">
    <p class='ocr_par' dir='ltr' id='par_1_1' title="bbox 235 103 1359 147">
     <span class='ocr_line' id='line_1_1' title="bbox 235 103 1359 147; baseline 0.004 -21"><span class='ocrx_word' id='word_1_1' title='bbox 235 109 289 147; x_wconf 75' lang='lat'>92</span> <span class='ocrx_word' id='word_1_2' title='bbox 738 104 841 130; x_wconf 69' lang='lat' dir='ltr'>DIAL.</span> <span class='ocrx_word' id='word_1_3' title='bbox 864 104 898 131; x_wconf 81' lang='lat' dir='ltr'>V.</span> <span class='ocrx_word' id='word_1_4' title='bbox 938 103 990 129; x_wconf 77' lang='lat' dir='ltr'>DE</span> <span class='ocrx_word' id='word_1_5' title='bbox 1011 104 1079 129; x_wconf 86' lang='lat' dir='ltr'>IRA</span> <span class='ocrx_word' id='word_1_6' title='bbox 1101 105 1173 130; x_wconf 78' lang='lat' dir='ltr'>Llss.</span> <span class='ocrx_word' id='word_1_7' title='bbox 1196 104 1249 130; x_wconf 90' lang='lat'>111.</span> <span class='ocrx_word' id='word_1_8' title='bbox 1289 106 1313 130; x_wconf 73' lang='grc' dir='ltr'>ἴ.</span> <span class='ocrx_word' id='word_1_9' title='bbox 1334 106 1359 131; x_wconf 61' lang='grc' dir='ltr'>ὃ.</span> 
     </span>
    </p>
   </div>
   <div class='ocr_carea' id='block_1_2' title="bbox 233 202 1866 324">
    <p class='ocr_par' dir='ltr' id='par_1_2' title="bbox 233 202 1866 324">
     <span class='ocr_line' id='line_1_2' title="bbox 233 202 1866 252; baseline -0.001 -11"><span class='ocrx_word' id='word_1_10' title='bbox 233 202 455 241; x_wconf 87' lang='lat' dir='ltr'>tristitiam.</span> <span class='ocrx_word' id='word_1_11' title='bbox 519 214 620 252; x_wconf 90' lang='lat' dir='ltr'>ergo</span> <span class='ocrx_word' id='word_1_12' title='bbox 654 202 841 240; x_wconf 80' lang='lat' dir='ltr'>actiones</span> <span class='ocrx_word' id='word_1_13' title='bbox 884 208 1055 240; x_wconf 88' lang='lat' dir='ltr'>nostrae</span> <span class='ocrx_word' id='word_1_14' title='bbox 1087 214 1164 240; x_wconf 92' lang='lat' dir='ltr'>nec</span> <span class='ocrx_word' id='word_1_15' title='bbox 1196 214 1350 252; x_wconf 85' lang='lat' dir='ltr'>paruae</span> <span class='ocrx_word' id='word_1_16' title='bbox 1382 202 1463 241; x_wconf 91' lang='lat' dir='ltr'>sint</span> <span class='ocrx_word' id='word_1_17' title='bbox 1503 214 1580 240; x_wconf 90' lang='lat' dir='ltr'>nec</span> <span class='ocrx_word' id='word_1_18' title='bbox 1611 202 1791 241; x_wconf 80' lang='lat' dir='ltr'>audaces</span> <span class='ocrx_word' id='word_1_19' title='bbox 1823 207 1866 241; x_wconf 90' lang='lat' dir='ltr'>et</span> 
     </span>
     <span class='ocr_line' id='line_1_3' title="bbox 235 271 1863 324; baseline 0 -13"><span class='ocrx_word' id='word_1_20' title='bbox 235 272 446 323; x_wconf 83' lang='lat' dir='ltr'>inprobae.</span> <span class='ocrx_word' id='word_1_21' title='bbox 520 273 559 310; x_wconf 92' lang='lat' dir='ltr'>in</span> <span class='ocrx_word' id='word_1_22' title='bbox 602 272 783 310; x_wconf 89' lang='lat' dir='ltr'>uicinum</span> <span class='ocrx_word' id='word_1_23' title='bbox 826 284 922 323; x_wconf 89' lang='lat' dir='ltr'>spes</span> <span class='ocrx_word' id='word_1_24' title='bbox 968 278 1104 312; x_wconf 88' lang='lat' dir='ltr'>exeat.</span> <span class='ocrx_word' id='word_1_25' title='bbox 1187 271 1285 324; x_wconf 79' lang='lat' dir='ltr'>nihil</span> <span class='ocrx_word' id='word_1_26' title='bbox 1319 284 1539 320; x_wconf 85' lang='lat' dir='ltr'>conemur,</span> <span class='ocrx_word' id='word_1_27' title='bbox 1591 272 1706 323; x_wconf 86' lang='lat' dir='ltr'>quod</span> <span class='ocrx_word' id='word_1_28' title='bbox 1760 285 1863 311; x_wconf 86' lang='lat' dir='ltr'>mox</span> 
     </span>
    </p>
   </div>
   <div class='ocr_carea' id='block_1_3' title="bbox 234 343 1866 465">
    <p class='ocr_par' dir='ltr' id='par_1_3' title="bbox 234 343 1866 465">
     <span class='ocr_line' id='line_1_4' title="bbox 234 343 1096 394; baseline 0 -13"><span class='ocrx_word' id='word_1_29' title='bbox 234 343 375 394; x_wconf 85' lang='lat' dir='ltr'>adepti</span> <span class='ocrx_word' id='word_1_30' title='bbox 408 355 576 394; x_wconf 87' lang='lat' dir='ltr'>quoque</span> <span class='ocrx_word' id='word_1_31' title='bbox 608 343 856 381; x_wconf 80' lang='lat' dir='ltr'>successisse</span> <span class='ocrx_word' id='word_1_32' title='bbox 890 343 1096 381; x_wconf 89' lang='lat' dir='ltr'>miremur.</span> 
     </span>
     <span class='ocr_line' id='line_1_5' title="bbox 352 411 1866 465; baseline 0.001 -15"><span class='ocrx_word' id='word_1_33' title='bbox 352 412 462 451; x_wconf 89' lang='lat' dir='ltr'><strong>VIII.</strong></span> <span class='ocrx_word' id='word_1_34' title='bbox 516 412 677 451; x_wconf 80' lang='lat' dir='ltr'>Demus</span> <span class='ocrx_word' id='word_1_35' title='bbox 720 425 917 464; x_wconf 78' lang='lat' dir='ltr'>operam,</span> <span class='ocrx_word' id='word_1_36' title='bbox 971 426 1023 452; x_wconf 93' lang='lat' dir='ltr'>ne</span> <span class='ocrx_word' id='word_1_37' title='bbox 1065 414 1317 464; x_wconf 81' lang='lat' dir='ltr'>accipiamus</span> <span class='ocrx_word' id='word_1_38' title='bbox 1360 414 1569 460; x_wconf 77' lang='lat' dir='ltr'>iniuriam,</span> <span class='ocrx_word' id='word_1_39' title='bbox 1622 414 1718 465; x_wconf 88' lang='lat' dir='ltr'>quia</span> <span class='ocrx_word' id='word_1_40' title='bbox 1758 411 1866 452; x_wconf 85' lang='lat' dir='ltr'>ferre</span> 
     </span>
    </p>
   </div>
   <div class='ocr_carea' id='block_1_4' title="bbox 198 482 1864 534">
    <p class='ocr_par' dir='ltr' id='par_1_4' title="bbox 198 482 1864 534">
     <span class='ocr_line' id='line_1_6' title="bbox 198 482 1864 534; baseline 0.001 -13"><span class='ocrx_word' id='word_1_41' title='bbox 198 496 211 516; x_wconf 54' lang='lat' dir='ltr'>fu</span> <span class='ocrx_word' id='word_1_42' title='bbox 233 484 450 521; x_wconf 88' lang='lat' dir='ltr'>nescimus.</span> <span class='ocrx_word' id='word_1_43' title='bbox 493 496 587 521; x_wconf 89' lang='lat' dir='ltr'>cum</span> <span class='ocrx_word' id='word_1_44' title='bbox 621 482 904 534; x_wconf 85' lang='lat' dir='ltr'>placidissimo</span> <span class='ocrx_word' id='word_1_45' title='bbox 933 490 975 523; x_wconf 89' lang='lat' dir='ltr'>et</span> <span class='ocrx_word' id='word_1_46' title='bbox 1006 482 1201 522; x_wconf 87' lang='lat' dir='ltr'>facillimo</span> <span class='ocrx_word' id='word_1_47' title='bbox 1235 490 1276 522; x_wconf 87' lang='lat' dir='ltr'>et</span> <span class='ocrx_word' id='word_1_48' title='bbox 1309 484 1480 522; x_wconf 86' lang='lat' dir='ltr'>minime</span> <span class='ocrx_word' id='word_1_49' title='bbox 1511 485 1638 523; x_wconf 89' lang='lat' dir='ltr'>anxio</span> <span class='ocrx_word' id='word_1_50' title='bbox 1671 497 1864 523; x_wconf 90' lang='lat' dir='ltr'>moroso-</span> 
     </span>
    </p>
   </div>
   <div class='ocr_carea' id='block_1_5' title="bbox 181 848 210 870">
    <p class='ocr_par' dir='ltr' id='par_1_5' title="bbox 181 848 210 870">
     <span class='ocr_line' id='line_1_7' title="bbox 181 848 210 870; baseline 0.069 -4"><span class='ocrx_word' id='word_1_51' title='bbox 181 848 210 870; x_wconf 67' lang='lat'>1⁴»</span> 
     </span>
    </p>
   </div>
   <div class='ocr_carea' id='block_1_6' title="bbox 230 554 1866 1173">
    <p class='ocr_par' dir='ltr' id='par_1_6' title="bbox 230 554 1866 1173">
     <span class='ocr_line' id='line_1_8' title="bbox 233 554 1866 604; baseline 0.002 -14"><span class='ocrx_word' id='word_1_52' title='bbox 233 566 314 604; x_wconf 90' lang='lat' dir='ltr'>que</span> <span class='ocrx_word' id='word_1_53' title='bbox 365 554 589 592; x_wconf 90' lang='lat' dir='ltr'>uiuendum</span> <span class='ocrx_word' id='word_1_54' title='bbox 643 560 717 593; x_wconf 86' lang='lat' dir='ltr'>est.</span> <span class='ocrx_word' id='word_1_55' title='bbox 780 560 998 593; x_wconf 85' lang='lat' dir='ltr'>sumuntur</span> <span class='ocrx_word' id='word_1_56' title='bbox 1049 568 1074 593; x_wconf 93' lang='lat' dir='ltr'>a</span> <span class='ocrx_word' id='word_1_57' title='bbox 1132 554 1475 593; x_wconf 84' lang='lat' dir='ltr'>conuersantibus</span> <span class='ocrx_word' id='word_1_58' title='bbox 1535 567 1674 593; x_wconf 84' lang='lat' dir='ltr'>mores</span> <span class='ocrx_word' id='word_1_59' title='bbox 1727 560 1769 594; x_wconf 89' lang='lat' dir='ltr'>et</span> <span class='ocrx_word' id='word_1_60' title='bbox 1820 561 1866 594; x_wconf 90' lang='lat' dir='ltr'>ut</span> 
     </span>
     <span class='ocr_line' id='line_1_9' title="bbox 232 624 1866 676; baseline 0.002 -15"><span class='ocrx_word' id='word_1_61' title='bbox 232 624 441 674; x_wconf 76' lang='lat' dir='ltr'>quaedam</span> <span class='ocrx_word' id='word_1_62' title='bbox 475 625 514 662; x_wconf 91' lang='lat' dir='ltr'>in</span> <span class='ocrx_word' id='word_1_63' title='bbox 548 630 768 664; x_wconf 78' lang='lat' dir='ltr'>contactos</span> <span class='ocrx_word' id='word_1_64' title='bbox 801 626 988 676; x_wconf 89' lang='lat' dir='ltr'>corporis</span> <span class='ocrx_word' id='word_1_65' title='bbox 1021 627 1119 664; x_wconf 90' lang='lat' dir='ltr'>uitia</span> <span class='ocrx_word' id='word_1_66' title='bbox 1151 624 1411 672; x_wconf 77' lang='lat' dir='ltr'>transiliunt„</span> <span class='ocrx_word' id='word_1_67' title='bbox 1447 625 1506 664; x_wconf 89' lang='lat' dir='ltr'>ita</span> <span class='ocrx_word' id='word_1_68' title='bbox 1549 627 1710 664; x_wconf 88' lang='lat' dir='ltr'>animus</span> <span class='ocrx_word' id='word_1_69' title='bbox 1755 625 1866 665; x_wconf 89' lang='lat' dir='ltr'>mala</span> 
     </span>
     <span class='ocr_line' id='line_1_10' title="bbox 232 696 1863 745; baseline 0.002 -13"><span class='ocrx_word' id='word_1_70' title='bbox 232 707 305 733; x_wconf 77' lang='lat' dir='ltr'>sua</span> <span class='ocrx_word' id='word_1_71' title='bbox 337 697 554 745; x_wconf 83' lang='lat' dir='ltr'>proxumis</span> <span class='ocrx_word' id='word_1_72' title='bbox 587 697 725 734; x_wconf 79' lang='lat' dir='ltr'>tradit.</span> <span class='ocrx_word' id='word_1_73' title='bbox 776 696 964 734; x_wconf 90' lang='lat' dir='ltr'>ebriosus</span> <span class='ocrx_word' id='word_1_74' title='bbox 997 697 1260 735; x_wconf 89' lang='lat' dir='ltr'>conuictores</span> <span class='ocrx_word' id='word_1_75' title='bbox 1292 697 1332 734; x_wconf 90' lang='lat' dir='ltr'>in</span> <span class='ocrx_word' id='word_1_76' title='bbox 1365 708 1556 734; x_wconf 88' lang='lat' dir='ltr'>amorem</span> <span class='ocrx_word' id='word_1_77' title='bbox 1589 697 1691 735; x_wconf 88' lang='lat' dir='ltr'>meri</span> <span class='ocrx_word' id='word_1_78' title='bbox 1722 698 1863 736; x_wconf 84' lang='lat' dir='ltr'>traxit.</span> 
     </span>
     <span class='ocr_line' id='line_1_11' title="bbox 232 765 1861 819; baseline 0.001 -17"><span class='ocrx_word' id='word_1_79' title='bbox 232 765 521 816; x_wconf 83' lang='lat' dir='ltr'>inpudicorum</span> <span class='ocrx_word' id='word_1_80' title='bbox 555 773 700 805; x_wconf 90' lang='lat' dir='ltr'>coetus</span> <span class='ocrx_word' id='word_1_81' title='bbox 733 765 886 805; x_wconf 87' lang='lat' dir='ltr'>fortem</span> <span class='ocrx_word' id='word_1_82' title='bbox 920 779 1087 819; x_wconf 86' lang='lat' dir='ltr'>quoque</span> <span class='ocrx_word' id='word_1_83' title='bbox 1130 766 1224 817; x_wconf 38' lang='lat' dir='ltr'>set-3,</span> <span class='ocrx_word' id='word_1_84' title='bbox 1267 768 1299 805; x_wconf 91' lang='lat' dir='ltr'>si</span> <span class='ocrx_word' id='word_1_85' title='bbox 1333 766 1476 813; x_wconf 88' lang='lat' dir='ltr'>liceat,</span> <span class='ocrx_word' id='word_1_86' title='bbox 1509 767 1643 805; x_wconf 88' lang='lat' dir='ltr'>uirum</span> <span class='ocrx_word' id='word_1_87' title='bbox 1677 766 1861 806; x_wconf 85' lang='lat' dir='ltr'>emolliit.</span> 
     </span>
     <span class='ocr_line' id='line_1_12' title="bbox 231 836 1863 888; baseline 0.001 -14"><span class='ocrx_word' id='word_1_88' title='bbox 231 837 404 875; x_wconf 80' lang='lat' dir='ltr'>auaritia</span> <span class='ocrx_word' id='word_1_89' title='bbox 446 838 485 875; x_wconf 89' lang='lat' dir='ltr'>in</span> <span class='ocrx_word' id='word_1_90' title='bbox 529 839 749 888; x_wconf 85' lang='lat' dir='ltr'>proximos</span> <span class='ocrx_word' id='word_1_91' title='bbox 793 838 902 876; x_wconf 90' lang='lat' dir='ltr'>uirus</span> <span class='ocrx_word' id='word_1_92' title='bbox 946 851 1066 876; x_wconf 91' lang='lat' dir='ltr'>suum</span> <span class='ocrx_word' id='word_1_93' title='bbox 1109 836 1332 877; x_wconf 83' lang='lat' dir='ltr'>transtulit.</span> <span class='ocrx_word' id='word_1_94' title='bbox 1405 838 1554 876; x_wconf 85' lang='lat' dir='ltr'>eadem</span> <span class='ocrx_word' id='word_1_95' title='bbox 1599 851 1653 876; x_wconf 85' lang='lat' dir='ltr'>ex</span> <span class='ocrx_word' id='word_1_96' title='bbox 1697 837 1863 877; x_wconf 88' lang='lat' dir='ltr'>diuerso</span> 
     </span>
     <span class='ocr_line' id='line_1_13' title="bbox 231 907 1865 961; baseline 0.001 -16"><span class='ocrx_word' id='word_1_97' title='bbox 231 908 336 946; x_wconf 89' lang='lat' dir='ltr'>ratio</span> <span class='ocrx_word' id='word_1_98' title='bbox 379 908 577 947; x_wconf 85' lang='lat' dir='ltr'>uirtutum</span> <span class='ocrx_word' id='word_1_99' title='bbox 622 914 705 955; x_wconf 89' lang='lat' dir='ltr'>est,</span> <span class='ocrx_word' id='word_1_100' title='bbox 750 915 794 948; x_wconf 89' lang='lat' dir='ltr'>ut</span> <span class='ocrx_word' id='word_1_101' title='bbox 827 921 953 947; x_wconf 88' lang='lat' dir='ltr'>omne</span> <span class='ocrx_word' id='word_1_102' title='bbox 995 910 1111 961; x_wconf 85' lang='lat' dir='ltr'>quod</span> <span class='ocrx_word' id='word_1_103' title='bbox 1153 921 1296 947; x_wconf 86' lang='lat' dir='ltr'>secum</span> <span class='ocrx_word' id='word_1_104' title='bbox 1328 907 1487 947; x_wconf 86' lang='lat' dir='ltr'>habent</span> <span class='ocrx_word' id='word_1_105' title='bbox 1520 909 1725 959; x_wconf 88' lang='lat' dir='ltr'>mitigent.</span> <span class='ocrx_word' id='word_1_106' title='bbox 1787 921 1865 947; x_wconf 93' lang='lat' dir='ltr'>nec</span> 
     </span>
     <span class='ocr_line' id='line_1_14' title="bbox 230 977 1862 1031; baseline 0.002 -16"><span class='ocrx_word' id='word_1_107' title='bbox 230 984 317 1016; x_wconf 92' lang='lat' dir='ltr'>tam</span> <span class='ocrx_word' id='word_1_108' title='bbox 351 977 574 1017; x_wconf 88' lang='lat' dir='ltr'>ualetudini</span> <span class='ocrx_word' id='word_1_109' title='bbox 618 978 772 1030; x_wconf 84' lang='lat' dir='ltr'>profuit</span> <span class='ocrx_word' id='word_1_110' title='bbox 805 980 916 1018; x_wconf 89' lang='lat' dir='ltr'>mitis</span> <span class='ocrx_word' id='word_1_111' title='bbox 955 980 1071 1031; x_wconf 87' lang='lat' dir='ltr'>regio</span> <span class='ocrx_word' id='word_1_112' title='bbox 1115 985 1157 1018; x_wconf 93' lang='lat' dir='ltr'>et</span> <span class='ocrx_word' id='word_1_113' title='bbox 1190 978 1392 1018; x_wconf 85' lang='lat' dir='ltr'>salubrius</span> <span class='ocrx_word' id='word_1_114' title='bbox 1425 978 1587 1017; x_wconf 87' lang='lat' dir='ltr'>caelum</span> <span class='ocrx_word' id='word_1_115' title='bbox 1619 992 1746 1030; x_wconf 89' lang='lat' dir='ltr'>quam</span> <span class='ocrx_word' id='word_1_116' title='bbox 1773 980 1862 1018; x_wconf 85' lang='lat' dir='ltr'>ani-</span> 
     </span>
     <span class='ocr_line' id='line_1_15' title="bbox 232 1049 1863 1101; baseline 0.001 -14"><span class='ocrx_word' id='word_1_117' title='bbox 232 1050 309 1087; x_wconf 88' lang='lat' dir='ltr'>mis</span> <span class='ocrx_word' id='word_1_118' title='bbox 357 1062 503 1100; x_wconf 87' lang='lat' dir='ltr'>parum</span> <span class='ocrx_word' id='word_1_119' title='bbox 529 1049 674 1096; x_wconf 61' lang='lat' dir='ltr'>„firmis</span> <span class='ocrx_word' id='word_1_120' title='bbox 726 1051 765 1089; x_wconf 92' lang='lat' dir='ltr'>in</span> <span class='ocrx_word' id='word_1_121' title='bbox 808 1050 930 1089; x_wconf 89' lang='lat' dir='ltr'>turba</span> <span class='ocrx_word' id='word_1_122' title='bbox 974 1049 1146 1089; x_wconf 89' lang='lat' dir='ltr'>meliore</span> <span class='ocrx_word' id='word_1_123' title='bbox 1190 1051 1354 1088; x_wconf 84' lang='lat' dir='ltr'>uersari.</span> <span class='ocrx_word' id='word_1_124' title='bbox 1417 1062 1525 1101; x_wconf 89' lang='lat' dir='ltr'>quae</span> <span class='ocrx_word' id='word_1_125' title='bbox 1563 1062 1627 1089; x_wconf 91' lang='lat' dir='ltr'>res</span> <span class='ocrx_word' id='word_1_126' title='bbox 1660 1056 1863 1101; x_wconf 87' lang='lat' dir='ltr'>quantum</span> 
     </span>
     <span class='ocr_line' id='line_1_16' title="bbox 230 1120 1861 1173; baseline 0.001 -15"><span class='ocrx_word' id='word_1_127' title='bbox 230 1121 363 1170; x_wconf 87' lang='lat' dir='ltr'>possit</span> <span class='ocrx_word' id='word_1_128' title='bbox 396 1120 632 1171; x_wconf 78' lang='lat' dir='ltr'>intelleges,</span> <span class='ocrx_word' id='word_1_129' title='bbox 672 1122 704 1159; x_wconf 87' lang='lat' dir='ltr'>si</span> <span class='ocrx_word' id='word_1_130' title='bbox 738 1120 889 1160; x_wconf 87' lang='lat' dir='ltr'>uideris</span> <span class='ocrx_word' id='word_1_131' title='bbox 922 1120 1029 1160; x_wconf 84' lang='lat' dir='ltr'>feras</span> <span class='ocrx_word' id='word_1_132' title='bbox 1062 1134 1230 1173; x_wconf 89' lang='lat' dir='ltr'>quoque</span> <span class='ocrx_word' id='word_1_133' title='bbox 1264 1122 1457 1160; x_wconf 90' lang='lat' dir='ltr'>conuictu</span> <span class='ocrx_word' id='word_1_134' title='bbox 1491 1126 1636 1159; x_wconf 89' lang='lat' dir='ltr'>nostro</span> <span class='ocrx_word' id='word_1_135' title='bbox 1671 1134 1861 1160; x_wconf 89' lang='lat' dir='ltr'>mansue-</span> 
     </span>
    </p>
   </div>
   <div class='ocr_carea' id='block_1_7' title="bbox 194 1190 1863 1243">
    <p class='ocr_par' dir='ltr' id='par_1_7' title="bbox 194 1190 1863 1243">
     <span class='ocr_line' id='line_1_17' title="bbox 194 1190 1863 1243; baseline 0.001 -14"><span class='ocrx_word' id='word_1_136' title='bbox 194 1204 344 1229; x_wconf 61' lang='lat' dir='ltr'>rascere</span> <span class='ocrx_word' id='word_1_137' title='bbox 386 1190 567 1243; x_wconf 85' lang='lat' dir='ltr'>nullique</span> <span class='ocrx_word' id='word_1_138' title='bbox 622 1193 748 1231; x_wconf 89' lang='lat' dir='ltr'>etiam</span> <span class='ocrx_word' id='word_1_139' title='bbox 804 1193 958 1231; x_wconf 89' lang='lat' dir='ltr'>inmani</span> <span class='ocrx_word' id='word_1_140' title='bbox 1010 1192 1171 1231; x_wconf 88' lang='lat' dir='ltr'>bestiae</span> <span class='ocrx_word' id='word_1_141' title='bbox 1215 1193 1297 1230; x_wconf 88' lang='lat' dir='ltr'>uim</span> <span class='ocrx_word' id='word_1_142' title='bbox 1351 1205 1467 1230; x_wconf 88' lang='lat' dir='ltr'>suam</span> <span class='ocrx_word' id='word_1_143' title='bbox 1521 1204 1788 1242; x_wconf 89' lang='lat' dir='ltr'>permanere,</span> <span class='ocrx_word' id='word_1_144' title='bbox 1830 1193 1863 1231; x_wconf 87' lang='lat' dir='ltr'>si</span> 
     </span>
    </p>
   </div>
   <div class='ocr_carea' id='block_1_8' title="bbox 228 1262 1863 1525">
    <p class='ocr_par' dir='ltr' id='par_1_8' title="bbox 228 1262 1863 1525">
     <span class='ocr_line' id='line_1_18' title="bbox 229 1262 1863 1314; baseline 0.001 -14"><span class='ocrx_word' id='word_1_145' title='bbox 229 1262 408 1301; x_wconf 86' lang='lat' dir='ltr'>hominis</span> <span class='ocrx_word' id='word_1_146' title='bbox 453 1262 771 1301; x_wconf 86' lang='lat' dir='ltr'>contubernium</span> <span class='ocrx_word' id='word_1_147' title='bbox 815 1264 883 1301; x_wconf 91' lang='lat' dir='ltr'>diu</span> <span class='ocrx_word' id='word_1_148' title='bbox 927 1276 1050 1314; x_wconf 87' lang='lat' dir='ltr'>passa</span> <span class='ocrx_word' id='word_1_149' title='bbox 1082 1269 1157 1302; x_wconf 86' lang='lat' dir='ltr'>est.</span> <span class='ocrx_word' id='word_1_150' title='bbox 1220 1262 1454 1302; x_wconf 77' lang='lat' dir='ltr'>retunditur</span> <span class='ocrx_word' id='word_1_151' title='bbox 1493 1263 1628 1301; x_wconf 89' lang='lat' dir='ltr'>omnis</span> <span class='ocrx_word' id='word_1_152' title='bbox 1661 1263 1863 1313; x_wconf 88' lang='lat' dir='ltr'>asperitas</span> 
     </span>
     <span class='ocr_line' id='line_1_19' title="bbox 228 1333 1862 1385; baseline 0 -14"><span class='ocrx_word' id='word_1_153' title='bbox 228 1333 512 1385; x_wconf 79' lang='lat' dir='ltr'>paulatimque</span> <span class='ocrx_word' id='word_1_154' title='bbox 564 1335 670 1372; x_wconf 87' lang='lat' dir='ltr'>inter</span> <span class='ocrx_word' id='word_1_155' title='bbox 721 1334 885 1385; x_wconf 87' lang='lat' dir='ltr'>placida</span> <span class='ocrx_word' id='word_1_156' title='bbox 927 1333 1163 1372; x_wconf 86' lang='lat' dir='ltr'>dediscitur.</span> <span class='ocrx_word' id='word_1_157' title='bbox 1241 1334 1404 1372; x_wconf 84' lang='lat' dir='ltr'>accedit</span> <span class='ocrx_word' id='word_1_158' title='bbox 1457 1333 1557 1380; x_wconf 88' lang='lat' dir='ltr'>huc,</span> <span class='ocrx_word' id='word_1_159' title='bbox 1610 1333 1725 1385; x_wconf 87' lang='lat' dir='ltr'>quod</span> <span class='ocrx_word' id='word_1_160' title='bbox 1777 1347 1862 1372; x_wconf 90' lang='lat' dir='ltr'>non</span> 
     </span>
     <span class='ocr_line' id='line_1_20' title="bbox 228 1403 1862 1456; baseline 0 -14"><span class='ocrx_word' id='word_1_161' title='bbox 228 1411 391 1443; x_wconf 91' lang='lat' dir='ltr'>tantum</span> <span class='ocrx_word' id='word_1_162' title='bbox 425 1403 624 1455; x_wconf 85' lang='lat' dir='ltr'>exemplo</span> <span class='ocrx_word' id='word_1_163' title='bbox 659 1404 806 1443; x_wconf 90' lang='lat' dir='ltr'>melior</span> <span class='ocrx_word' id='word_1_164' title='bbox 850 1404 895 1443; x_wconf 80' lang='lat' dir='ltr'>fit</span> <span class='ocrx_word' id='word_1_165' title='bbox 928 1406 996 1456; x_wconf 88' lang='lat' dir='ltr'>qui</span> <span class='ocrx_word' id='word_1_166' title='bbox 1030 1417 1124 1443; x_wconf 92' lang='lat' dir='ltr'>cum</span> <span class='ocrx_word' id='word_1_167' title='bbox 1167 1405 1316 1455; x_wconf 89' lang='lat' dir='ltr'>quietis</span> <span class='ocrx_word' id='word_1_168' title='bbox 1349 1403 1588 1442; x_wconf 89' lang='lat' dir='ltr'>hominibus</span> <span class='ocrx_word' id='word_1_169' title='bbox 1621 1405 1743 1451; x_wconf 89' lang='lat' dir='ltr'>uiuit,</span> <span class='ocrx_word' id='word_1_170' title='bbox 1786 1403 1862 1443; x_wconf 89' lang='lat' dir='ltr'>sed</span> 
     </span>
     <span class='ocr_line' id='line_1_21' title="bbox 228 1475 1861 1525; baseline 0.001 -13"><span class='ocrx_word' id='word_1_171' title='bbox 228 1475 342 1525; x_wconf 90' lang='lat' dir='ltr'>quod</span> <span class='ocrx_word' id='word_1_172' title='bbox 396 1488 540 1514; x_wconf 85' lang='lat' dir='ltr'>causas</span> <span class='ocrx_word' id='word_1_173' title='bbox 592 1476 795 1514; x_wconf 88' lang='lat' dir='ltr'>irascendi</span> <span class='ocrx_word' id='word_1_174' title='bbox 848 1488 931 1513; x_wconf 92' lang='lat' dir='ltr'>non</span> <span class='ocrx_word' id='word_1_175' title='bbox 975 1477 1129 1514; x_wconf 87' lang='lat' dir='ltr'>inuenit</span> <span class='ocrx_word' id='word_1_176' title='bbox 1181 1488 1258 1513; x_wconf 91' lang='lat' dir='ltr'>nec</span> <span class='ocrx_word' id='word_1_177' title='bbox 1310 1476 1456 1513; x_wconf 88' lang='lat' dir='ltr'>uitium</span> <span class='ocrx_word' id='word_1_178' title='bbox 1505 1488 1625 1513; x_wconf 91' lang='lat' dir='ltr'>suum</span> <span class='ocrx_word' id='word_1_179' title='bbox 1678 1480 1861 1514; x_wconf 81' lang='lat' dir='ltr'>exercet.</span> 
     </span>
    </p>
   </div>
   <div class='ocr_carea' id='block_1_9' title="bbox 206 1543 1861 1598">
    <p class='ocr_par' dir='ltr' id='par_1_9' title="bbox 206 1543 1861 1598">
     <span class='ocr_line' id='line_1_22' title="bbox 206 1543 1861 1598; baseline 0.001 -15"><span class='ocrx_word' id='word_1_180' title='bbox 206 1543 372 1596; x_wconf 77' lang='lat' dir='ltr'>»fugere</span> <span class='ocrx_word' id='word_1_181' title='bbox 414 1547 554 1598; x_wconf 87' lang='lat' dir='ltr'>itaque</span> <span class='ocrx_word' id='word_1_182' title='bbox 597 1546 770 1585; x_wconf 88' lang='lat' dir='ltr'>debebit</span> <span class='ocrx_word' id='word_1_183' title='bbox 814 1547 950 1584; x_wconf 88' lang='lat' dir='ltr'>omnis</span> <span class='ocrx_word' id='word_1_184' title='bbox 998 1559 1104 1598; x_wconf 85' lang='lat' dir='ltr'>quos</span> <span class='ocrx_word' id='word_1_185' title='bbox 1157 1546 1397 1584; x_wconf 84' lang='lat' dir='ltr'>inritaturos</span> <span class='ocrx_word' id='word_1_186' title='bbox 1449 1545 1704 1585; x_wconf 87' lang='lat' dir='ltr'>iracundiam</span> <span class='ocrx_word' id='word_1_187' title='bbox 1747 1545 1861 1584; x_wconf 86' lang='lat' dir='ltr'>sciet.</span> 
     </span>
    </p>
   </div>
   <div class='ocr_carea' id='block_1_10' title="bbox 228 1602 1860 1880">
    <p class='ocr_par' dir='ltr' id='par_1_10' title="bbox 228 1602 1860 1880">
     <span class='ocr_line' id='line_1_23' title="bbox 228 1602 1857 1668; baseline 0.001 -15"><span class='ocrx_word' id='word_1_188' title='bbox 228 1617 296 1666; x_wconf 90' lang='lat' dir='ltr'>qui</span> <span class='ocrx_word' id='word_1_189' title='bbox 339 1623 455 1663; x_wconf 90' lang='lat' dir='ltr'>sunt,</span> <span class='ocrx_word' id='word_1_190' title='bbox 518 1618 667 1668; x_wconf 82' lang='lat' dir='ltr'>inquis,</span> <span class='ocrx_word' id='word_1_191' title='bbox 726 1618 818 1656; x_wconf 82' lang='lat' dir='ltr'>isti?</span> <span class='ocrx_word' id='word_1_192' title='bbox 884 1615 1002 1656; x_wconf 89' lang='lat' dir='ltr'>multi</span> <span class='ocrx_word' id='word_1_193' title='bbox 1022 1602 1034 1622; x_wconf 41' lang='grc' dir='ltr'><strong><em>ί</em></strong></span> <span class='ocrx_word' id='word_1_194' title='bbox 1055 1630 1109 1655; x_wconf 85' lang='lat' dir='ltr'>ex</span> <span class='ocrx_word' id='word_1_195' title='bbox 1165 1618 1286 1655; x_wconf 84' lang='lat' dir='ltr'>uariis</span> <span class='ocrx_word' id='word_1_196' title='bbox 1339 1618 1472 1656; x_wconf 89' lang='lat' dir='ltr'>causis</span> <span class='ocrx_word' id='word_1_197' title='bbox 1524 1615 1633 1655; x_wconf 92' lang='lat' dir='ltr'>idem</span> <span class='ocrx_word' id='word_1_198' title='bbox 1686 1614 1857 1655; x_wconf 84' lang='lat' dir='ltr'>facturi:</span> 
     </span>
     <span class='ocr_line' id='line_1_24' title="bbox 229 1685 1860 1739; baseline 0.001 -16"><span class='ocrx_word' id='word_1_199' title='bbox 229 1685 416 1726; x_wconf 81' lang='lat' dir='ltr'>offendet</span> <span class='ocrx_word' id='word_1_200' title='bbox 448 1694 490 1726; x_wconf 90' lang='lat' dir='ltr'>te</span> <span class='ocrx_word' id='word_1_201' title='bbox 518 1687 721 1739; x_wconf 82' lang='lat' dir='ltr'>superbus</span> <span class='ocrx_word' id='word_1_202' title='bbox 745 1694 1005 1739; x_wconf 86' lang='lat' dir='ltr'>contemptu,</span> <span class='ocrx_word' id='word_1_203' title='bbox 1038 1688 1161 1726; x_wconf 84' lang='lat' dir='ltr'>dicax</span> <span class='ocrx_word' id='word_1_204' title='bbox 1194 1686 1460 1734; x_wconf 87' lang='lat' dir='ltr'>contumelia,</span> <span class='ocrx_word' id='word_1_205' title='bbox 1493 1686 1684 1738; x_wconf 89' lang='lat' dir='ltr'>petulans</span> <span class='ocrx_word' id='word_1_206' title='bbox 1707 1687 1860 1731; x_wconf 87' lang='lat' dir='ltr'>iniuria,</span> 
     </span>
     <span class='ocr_line' id='line_1_25' title="bbox 228 1747 1860 1810; baseline 0 -16"><span class='ocrx_word' id='word_1_207' title='bbox 228 1756 376 1795; x_wconf 84' lang='lat' dir='ltr'>liuidus</span> <span class='ocrx_word' id='word_1_208' title='bbox 419 1757 701 1809; x_wconf 79' lang='lat' dir='ltr'>malignitate,</span> <span class='ocrx_word' id='word_1_209' title='bbox 756 1759 928 1810; x_wconf 80' lang='lat' dir='ltr'>pugnax</span> <span class='ocrx_word' id='word_1_210' title='bbox 981 1759 1275 1805; x_wconf 88' lang='lat' dir='ltr'>contentione,</span> <span class='ocrx_word' id='word_1_211' title='bbox 1328 1764 1527 1797; x_wconf 89' lang='lat' dir='ltr'>uentosus</span> <span class='ocrx_word' id='word_1_212' title='bbox 1578 1763 1620 1796; x_wconf 92' lang='lat' dir='ltr'>et</span> <span class='ocrx_word' id='word_1_213' title='bbox 1673 1747 1860 1795; x_wconf 79' lang='lat' dir='ltr'>mendax</span> 
     </span>
     <span class='ocr_line' id='line_1_26' title="bbox 231 1826 1859 1880; baseline 0 -15"><span class='ocrx_word' id='word_1_214' title='bbox 231 1829 422 1866; x_wconf 89' lang='lat' dir='ltr'>uanitate.</span> <span class='ocrx_word' id='word_1_215' title='bbox 486 1842 569 1867; x_wconf 91' lang='lat' dir='ltr'>non</span> <span class='ocrx_word' id='word_1_216' title='bbox 601 1828 706 1867; x_wconf 81' lang='lat' dir='ltr'>feres</span> <span class='ocrx_word' id='word_1_217' title='bbox 739 1842 763 1867; x_wconf 87' lang='lat' dir='ltr'>a</span> <span class='ocrx_word' id='word_1_218' title='bbox 795 1830 1024 1880; x_wconf 81' lang='lat' dir='ltr'>suspicioso</span> <span class='ocrx_word' id='word_1_219' title='bbox 1057 1829 1206 1875; x_wconf 89' lang='lat' dir='ltr'>timeri,</span> <span class='ocrx_word' id='word_1_220' title='bbox 1249 1841 1273 1866; x_wconf 84' lang='lat' dir='ltr'>a</span> <span class='ocrx_word' id='word_1_221' title='bbox 1305 1829 1518 1879; x_wconf 86' lang='lat' dir='ltr'>pertinace</span> <span class='ocrx_word' id='word_1_222' title='bbox 1551 1828 1669 1874; x_wconf 89' lang='lat' dir='ltr'>uinci,</span> <span class='ocrx_word' id='word_1_223' title='bbox 1703 1841 1726 1866; x_wconf 86' lang='lat' dir='ltr'>a</span> <span class='ocrx_word' id='word_1_224' title='bbox 1759 1826 1859 1866; x_wconf 90' lang='lat' dir='ltr'>deli-</span> 
     </span>
    </p>
   </div>
   <div class='ocr_carea' id='block_1_11' title="bbox 195 1897 1897 1952">
    <p class='ocr_par' dir='ltr' id='par_1_11' title="bbox 195 1897 1897 1952">
     <span class='ocr_line' id='line_1_27' title="bbox 195 1897 1897 1952; baseline 0.001 -15"><span class='ocrx_word' id='word_1_225' title='bbox 195 1913 207 1933; x_wconf 86' lang='lat'>··</span> <span class='ocrx_word' id='word_1_226' title='bbox 229 1905 324 1937; x_wconf 88' lang='lat' dir='ltr'>cato</span> <span class='ocrx_word' id='word_1_227' title='bbox 358 1897 541 1952; x_wconf 82' lang='lat' dir='ltr'>fastidiri.</span> <span class='ocrx_word' id='word_1_228' title='bbox 605 1899 711 1950; x_wconf 83' lang='lat' dir='ltr'>elige</span> <span class='ocrx_word' id='word_1_229' title='bbox 743 1899 971 1950; x_wconf 87' lang='lat' dir='ltr'>simplices,</span> <span class='ocrx_word' id='word_1_230' title='bbox 1016 1897 1171 1945; x_wconf 73' lang='lat' dir='ltr'>faciles.</span> <span class='ocrx_word' id='word_1_231' title='bbox 1205 1899 1473 1945; x_wconf 87' lang='lat' dir='ltr'>moderatos,</span> <span class='ocrx_word' id='word_1_232' title='bbox 1506 1900 1575 1950; x_wconf 86' lang='lat' dir='ltr'>qui</span> <span class='ocrx_word' id='word_1_233' title='bbox 1607 1899 1711 1937; x_wconf 88' lang='lat' dir='ltr'>iram</span> <span class='ocrx_word' id='word_1_234' title='bbox 1745 1904 1860 1937; x_wconf 89' lang='lat' dir='ltr'>tuam</span> <span class='ocrx_word' id='word_1_235' title='bbox 1887 1908 1897 1939; x_wconf 71' lang='grc' dir='ltr'><strong><em>ἴ</em></strong></span> 
     </span>
    </p>
   </div>
   <div class='ocr_carea' id='block_1_12' title="bbox 229 1967 1860 2156">
    <p class='ocr_par' dir='ltr' id='par_1_12' title="bbox 229 1967 1860 2156">
     <span class='ocr_line' id='line_1_28' title="bbox 229 1967 1858 2021; baseline 0 -14"><span class='ocrx_word' id='word_1_236' title='bbox 229 1982 305 2007; x_wconf 90' lang='lat' dir='ltr'>nec</span> <span class='ocrx_word' id='word_1_237' title='bbox 347 1968 525 2008; x_wconf 86' lang='lat' dir='ltr'>euocent</span> <span class='ocrx_word' id='word_1_238' title='bbox 558 1977 600 2008; x_wconf 83' lang='lat' dir='ltr'>et</span> <span class='ocrx_word' id='word_1_239' title='bbox 643 1969 785 2008; x_wconf 84' lang='lat' dir='ltr'>ferant.</span> <span class='ocrx_word' id='word_1_240' title='bbox 850 1971 983 2021; x_wconf 84' lang='lat' dir='ltr'>magis</span> <span class='ocrx_word' id='word_1_241' title='bbox 1028 1969 1163 2008; x_wconf 89' lang='lat' dir='ltr'>adhuc</span> <span class='ocrx_word' id='word_1_242' title='bbox 1196 1969 1428 2020; x_wconf 87' lang='lat' dir='ltr'>proderunt</span> <span class='ocrx_word' id='word_1_243' title='bbox 1470 1970 1678 2008; x_wconf 88' lang='lat' dir='ltr'>summissi</span> <span class='ocrx_word' id='word_1_244' title='bbox 1712 1975 1753 2008; x_wconf 88' lang='lat' dir='ltr'>et</span> <span class='ocrx_word' id='word_1_245' title='bbox 1786 1967 1858 2007; x_wconf 92' lang='lat' dir='ltr'>hu-</span> 
     </span>
     <span class='ocr_line' id='line_1_29' title="bbox 230 2039 1860 2092; baseline 0 -14"><span class='ocrx_word' id='word_1_246' title='bbox 230 2041 340 2078; x_wconf 87' lang='lat' dir='ltr'>mani</span> <span class='ocrx_word' id='word_1_247' title='bbox 373 2047 415 2079; x_wconf 85' lang='lat' dir='ltr'>et</span> <span class='ocrx_word' id='word_1_248' title='bbox 449 2040 602 2088; x_wconf 84' lang='lat' dir='ltr'>dulces,</span> <span class='ocrx_word' id='word_1_249' title='bbox 636 2054 719 2078; x_wconf 89' lang='lat' dir='ltr'>non</span> <span class='ocrx_word' id='word_1_250' title='bbox 753 2047 896 2079; x_wconf 89' lang='lat' dir='ltr'>tamen</span> <span class='ocrx_word' id='word_1_251' title='bbox 930 2054 1060 2092; x_wconf 85' lang='lat' dir='ltr'>usque</span> <span class='ocrx_word' id='word_1_252' title='bbox 1094 2041 1133 2079; x_wconf 92' lang='lat' dir='ltr'>in</span> <span class='ocrx_word' id='word_1_253' title='bbox 1166 2039 1465 2079; x_wconf 87' lang='lat' dir='ltr'>adulationem.</span> <span class='ocrx_word' id='word_1_254' title='bbox 1509 2053 1606 2078; x_wconf 89' lang='lat' dir='ltr'>nam</span> <span class='ocrx_word' id='word_1_255' title='bbox 1640 2040 1860 2078; x_wconf 89' lang='lat' dir='ltr'>iracundos</span> 
     </span>
     <span class='ocr_line' id='line_1_30' title="bbox 229 2109 1858 2156; baseline 0 -8"><span class='ocrx_word' id='word_1_256' title='bbox 229 2112 356 2149; x_wconf 86' lang='lat' dir='ltr'>nimia</span> <span class='ocrx_word' id='word_1_257' title='bbox 398 2111 636 2151; x_wconf 81' lang='lat' dir='ltr'>adsentatio</span> <span class='ocrx_word' id='word_1_258' title='bbox 681 2111 868 2150; x_wconf 80' lang='lat' dir='ltr'>offendit.</span> <span class='ocrx_word' id='word_1_259' title='bbox 942 2118 1030 2150; x_wconf 82' lang='lat' dir='ltr'>erat</span> <span class='ocrx_word' id='word_1_260' title='bbox 1073 2117 1186 2150; x_wconf 89' lang='lat' dir='ltr'>certe</span> <span class='ocrx_word' id='word_1_261' title='bbox 1229 2112 1386 2150; x_wconf 89' lang='lat' dir='ltr'>amicus</span> <span class='ocrx_word' id='word_1_262' title='bbox 1428 2117 1572 2150; x_wconf 85' lang='lat' dir='ltr'>noster</span> <span class='ocrx_word' id='word_1_263' title='bbox 1614 2111 1674 2148; x_wconf 86' lang='lat' dir='ltr'>uir</span> <span class='ocrx_word' id='word_1_264' title='bbox 1712 2109 1858 2156; x_wconf 87' lang='lat' dir='ltr'>bonus,</span> 
     </span>
    </p>
   </div>
   <div class='ocr_carea' id='block_1_13' title="bbox 229 2285 1861 2809">
    <p class='ocr_par' dir='ltr' id='par_1_13' title="bbox 229 2285 1861 2809">
     <span class='ocr_line' id='line_1_31' title="bbox 238 2285 1861 2330; baseline -0.001 -12"><span class='ocrx_word' id='word_1_265' title='bbox 238 2288 242 2318; x_wconf 81' lang='lat' dir='ltr'>l</span> <span class='ocrx_word' id='word_1_266' title='bbox 269 2287 401 2330; x_wconf 72' lang='lat' dir='ltr'>paruae]</span> <span class='ocrx_word' id='word_1_267' title='bbox 422 2292 499 2320; x_wconf 76' lang='lat' dir='ltr'>era(</span> <span class='ocrx_word' id='word_1_268' title='bbox 527 2298 604 2320; x_wconf 78' lang='lat' dir='ltr'>cnm</span> <span class='ocrx_word' id='word_1_269' title='bbox 626 2287 822 2319; x_wconf 72' lang='lat' dir='ltr'>cmee&#39;cercm</span> <span class='ocrx_word' id='word_1_270' title='bbox 844 2287 966 2327; x_wconf 73' lang='lat' dir='ltr'>tardae,</span> <span class='ocrx_word' id='word_1_271' title='bbox 993 2285 1058 2319; x_wconf 72' lang='lat' dir='ltr'>scd</span> <span class='ocrx_word' id='word_1_272' title='bbox 1077 2285 1158 2320; x_wconf 72' lang='lat' dir='ltr'>uide</span> <span class='ocrx_word' id='word_1_273' title='bbox 1177 2285 1221 2319; x_wconf 74' lang='lat' dir='ltr'>dc</span> <span class='ocrx_word' id='word_1_274' title='bbox 1240 2293 1356 2329; x_wconf 75' lang='lat' dir='ltr'>tranq.</span> <span class='ocrx_word' id='word_1_275' title='bbox 1376 2296 1432 2319; x_wconf 73' lang='lat' dir='ltr'>cm.</span> <span class='ocrx_word' id='word_1_276' title='bbox 1453 2287 1484 2327; x_wconf 78' lang='lat'>3,</span> <span class='ocrx_word' id='word_1_277' title='bbox 1505 2288 1523 2317; x_wconf 78' lang='lat'><strong>2</strong></span> <span class='ocrx_word' id='word_1_278' title='bbox 1543 2296 1679 2326; x_wconf 84' lang='lat' dir='ltr'>quorum</span> <span class='ocrx_word' id='word_1_279' title='bbox 1698 2286 1861 2316; x_wconf 78' lang='lat' dir='ltr'>maximae</span> 
     </span>
     <span class='ocr_line' id='line_1_32' title="bbox 231 2342 1859 2388; baseline 0 -13"><span class='ocrx_word' id='word_1_280' title='bbox 231 2347 258 2376; x_wconf 78' lang='lat' dir='ltr'>in</span> <span class='ocrx_word' id='word_1_281' title='bbox 288 2346 419 2376; x_wconf 56' lang='lat' dir='ltr'>seducto</span> <span class='ocrx_word' id='word_1_282' title='bbox 447 2347 590 2377; x_wconf 50' lang='lat' dir='ltr'>actiones⁴</span> <span class='ocrx_word' id='word_1_283' title='bbox 617 2352 686 2376; x_wconf 71' lang='lat' dir='ltr'>sunt</span> <span class='ocrx_word' id='word_1_284' title='bbox 784 2345 802 2378; x_wconf 62' lang='grc'>4</span> <span class='ocrx_word' id='word_1_285' title='bbox 823 2356 893 2376; x_wconf 52' lang='lat' dir='ltr'>neza·</span> <span class='ocrx_word' id='word_1_286' title='bbox 921 2344 1007 2388; x_wconf 72' lang='lat' dir='ltr'>(fuit</span> <span class='ocrx_word' id='word_1_287' title='bbox 1024 2346 1097 2379; x_wconf 52' lang='lat' dir='ltr'>nec)</span> <span class='ocrx_word' id='word_1_288' title='bbox 1198 2349 1217 2376; x_wconf 49' lang='lat' dir='ltr'>b*</span> <span class='ocrx_word' id='word_1_289' title='bbox 1237 2346 1393 2386; x_wconf 74' lang='lat' dir='ltr'>proximis</span> <span class='ocrx_word' id='word_1_290' title='bbox 1421 2345 1507 2385; x_wconf 78' lang='lat' dir='ltr'>(imis</span> <span class='ocrx_word' id='word_1_291' title='bbox 1534 2354 1640 2384; x_wconf 81' lang='lat' dir='ltr'>corr.‚</span> <span class='ocrx_word' id='word_1_292' title='bbox 1665 2342 1738 2387; x_wconf 74' lang='lat' dir='ltr'>fuit</span> <span class='ocrx_word' id='word_1_293' title='bbox 1764 2345 1859 2382; x_wconf 81' lang='lat' dir='ltr'>umis)</span> 
     </span>
     <span class='ocr_line' id='line_1_33' title="bbox 340 2402 1859 2448; baseline -0.001 -13"><span class='ocrx_word' id='word_1_294' title='bbox 340 2406 542 2436; x_wconf 62' lang='lat' dir='ltr'>conuictores</span> <span class='ocrx_word' id='word_1_295' title='bbox 571 2408 634 2442; x_wconf 48' lang='lat' dir='ltr'>(res</span> <span class='ocrx_word' id='word_1_296' title='bbox 657 2411 784 2448; x_wconf 56' lang='grc' dir='ltr'>[κακίαι</span> <span class='ocrx_word' id='word_1_297' title='bbox 811 2403 989 2437; x_wconf 59' lang='lat' dir='ltr'>additum]</span> <span class='ocrx_word' id='word_1_298' title='bbox 1106 2408 1125 2434; x_wconf 55' lang='grc' dir='ltr'>*Α</span> <span class='ocrx_word' id='word_1_299' title='bbox 1153 2414 1239 2441; x_wconf 67' lang='lat' dir='ltr'>cetus</span> <span class='ocrx_word' id='word_1_300' title='bbox 1338 2405 1362 2434; x_wconf 67' lang='lat' dir='ltr'>si</span> <span class='ocrx_word' id='word_1_301' title='bbox 1390 2404 1485 2434; x_wconf 81' lang='lat' dir='ltr'>liceat</span> <span class='ocrx_word' id='word_1_302' title='bbox 1516 2402 1630 2444; x_wconf 69' lang='lat' dir='ltr'>Koch,</span> <span class='ocrx_word' id='word_1_303' title='bbox 1660 2408 1688 2434; x_wconf 80' lang='lat' dir='ltr'>et</span> <span class='ocrx_word' id='word_1_304' title='bbox 1715 2404 1859 2434; x_wconf 76' lang='lat' dir='ltr'>siliceum</span> 
     </span>
     <span class='ocr_line' id='line_1_34' title="bbox 233 2461 1861 2506; baseline 0 -12"><span class='ocrx_word' id='word_1_305' title='bbox 233 2461 442 2496; x_wconf 66' lang='lat' dir='ltr'>Pincianus:</span> <span class='ocrx_word' id='word_1_306' title='bbox 473 2470 501 2495; x_wconf 81' lang='lat' dir='ltr'>et</span> <span class='ocrx_word' id='word_1_307' title='bbox 528 2465 552 2494; x_wconf 59' lang='lat' dir='ltr'>si</span> <span class='ocrx_word' id='word_1_308' title='bbox 580 2465 674 2495; x_wconf 67' lang='lat' dir='ltr'>liceat</span> <span class='ocrx_word' id='word_1_309' title='bbox 702 2462 778 2497; x_wconf 72' lang='lat' dir='ltr'>cod.</span> <span class='ocrx_word' id='word_1_310' title='bbox 811 2461 1018 2506; x_wconf 67' lang='lat' dir='ltr'>Simmluris</span> <span class='ocrx_word' id='word_1_311' title='bbox 1045 2462 1101 2496; x_wconf 74' lang='lat' dir='ltr'>hic</span> <span class='ocrx_word' id='word_1_312' title='bbox 1121 2463 1312 2496; x_wconf 71' lang='lat' dir='ltr'>uerborum</span> <span class='ocrx_word' id='word_1_313' title='bbox 1339 2464 1363 2493; x_wconf 78' lang='lat' dir='ltr'>si</span> <span class='ocrx_word' id='word_1_314' title='bbox 1390 2463 1486 2493; x_wconf 81' lang='lat' dir='ltr'>liceat</span> <span class='ocrx_word' id='word_1_315' title='bbox 1514 2472 1600 2494; x_wconf 70' lang='lat' dir='ltr'>usus</span> <span class='ocrx_word' id='word_1_316' title='bbox 1627 2461 1861 2505; x_wconf 75' lang='lat' dir='ltr'>confirmatur</span> 
     </span>
     <span class='ocr_line' id='line_1_35' title="bbox 230 2520 1858 2562; baseline -0.001 -10"><span class='ocrx_word' id='word_1_317' title='bbox 230 2521 317 2554; x_wconf 61' lang='lat'>[01:22⁹</span> <span class='ocrx_word' id='word_1_318' title='bbox 342 2520 530 2555; x_wconf 68' lang='lat' dir='ltr'>simillimis</span> <span class='ocrx_word' id='word_1_319' title='bbox 556 2521 707 2555; x_wconf 74' lang='lat' dir='ltr'>Minucii</span> <span class='ocrx_word' id='word_1_320' title='bbox 730 2521 860 2555; x_wconf 68' lang='lat' dir='ltr'>Felicis</span> <span class='ocrx_word' id='word_1_321' title='bbox 888 2527 918 2559; x_wconf 41' lang='grc' dir='ltr'>Μ,</span> <span class='ocrx_word' id='word_1_322' title='bbox 948 2524 963 2554; x_wconf 71' lang='grc'>4</span> <span class='ocrx_word' id='word_1_323' title='bbox 995 2523 1181 2553; x_wconf 71' lang='lat' dir='ltr'>miserentur</span> <span class='ocrx_word' id='word_1_324' title='bbox 1209 2523 1314 2553; x_wconf 71' lang='lat' dir='ltr'>miseri</span> <span class='ocrx_word' id='word_1_325' title='bbox 1342 2522 1418 2562; x_wconf 67' lang='lat' dir='ltr'>ipsi,</span> <span class='ocrx_word' id='word_1_326' title='bbox 1446 2522 1470 2551; x_wconf 70' lang='lat' dir='ltr'>si</span> <span class='ocrx_word' id='word_1_327' title='bbox 1498 2521 1545 2551; x_wconf 77' lang='lat' dir='ltr'>fas</span> <span class='ocrx_word' id='word_1_328' title='bbox 1571 2526 1626 2557; x_wconf 79' lang='lat' dir='ltr'>est,</span> <span class='ocrx_word' id='word_1_329' title='bbox 1654 2521 1858 2552; x_wconf 77' lang='lat' dir='ltr'>sacerdotum</span> 
     </span>
     <span class='ocr_line' id='line_1_36' title="bbox 230 2580 1859 2622; baseline -0.001 -10"><span class='ocrx_word' id='word_1_330' title='bbox 230 2586 261 2611; x_wconf 82' lang='grc' dir='ltr'>ιἸ</span> <span class='ocrx_word' id='word_1_331' title='bbox 282 2580 436 2614; x_wconf 74' lang='lat' dir='ltr'>Arnobii</span> <span class='ocrx_word' id='word_1_332' title='bbox 464 2584 491 2622; x_wconf 83' lang='lat'>1,</span> <span class='ocrx_word' id='word_1_333' title='bbox 513 2586 543 2620; x_wconf 76' lang='lat'>6,</span> <span class='ocrx_word' id='word_1_334' title='bbox 572 2584 590 2614; x_wconf 69' lang='grc'><strong>4</strong></span> <span class='ocrx_word' id='word_1_335' title='bbox 611 2583 774 2612; x_wconf 35' lang='lat' dir='ltr'>‹Thi-isium</span> <span class='ocrx_word' id='word_1_336' title='bbox 803 2609 809 2615; x_wconf 89' lang='grc'><em>,</em></span> <span class='ocrx_word' id='word_1_337' title='bbox 839 2609 845 2614; x_wconf 85' lang='grc'><strong>,</strong></span> <span class='ocrx_word' id='word_1_338' title='bbox 875 2582 968 2612; x_wconf 65' lang='lat' dir='ltr'>uultis</span> <span class='ocrx_word' id='word_1_339' title='bbox 995 2607 1000 2613; x_wconf 94' lang='lat'>.</span> <span class='ocrx_word' id='word_1_340' title='bbox 1031 2608 1037 2614; x_wconf 93' lang='lat'>.</span> <span class='ocrx_word' id='word_1_341' title='bbox 1066 2582 1090 2612; x_wconf 78' lang='lat' dir='ltr'>si</span> <span class='ocrx_word' id='word_1_342' title='bbox 1118 2582 1223 2615; x_wconf 71' lang='lat' dir='ltr'>liceat,</span> <span class='ocrx_word' id='word_1_343' title='bbox 1250 2581 1415 2611; x_wconf 71' lang='lat' dir='ltr'>beluarum</span> <span class='ocrx_word' id='word_1_344' title='bbox 1437 2580 1609 2621; x_wconf 63' lang='lat' dir='ltr'>agrestium</span> <span class='ocrx_word' id='word_1_345' title='bbox 1637 2580 1696 2610; x_wconf 77' lang='lat' dir='ltr'>ritu</span> <span class='ocrx_word' id='word_1_346' title='bbox 1723 2580 1859 2610; x_wconf 79' lang='lat' dir='ltr'>cruentis</span> 
     </span>
     <span class='ocr_line' id='line_1_37' title="bbox 230 2637 1858 2684; baseline 0 -15"><span class='ocrx_word' id='word_1_347' title='bbox 230 2641 338 2670; x_wconf 62' lang='lat' dir='ltr'>oribus</span> <span class='ocrx_word' id='word_1_348' title='bbox 364 2641 527 2675; x_wconf 73' lang='lat' dir='ltr'>mandere,</span> <span class='ocrx_word' id='word_1_349' title='bbox 550 2640 737 2684; x_wconf 71' lang='lat' dir='ltr'>parsit-ula</span> <span class='ocrx_word' id='word_1_350' title='bbox 764 2646 791 2671; x_wconf 79' lang='lat' dir='ltr'>et</span> <span class='ocrx_word' id='word_1_351' title='bbox 811 2638 964 2673; x_wconf 73' lang='lat' dir='ltr'>delenda</span> <span class='ocrx_word' id='word_1_352' title='bbox 991 2647 1080 2675; x_wconf 75' lang='lat' dir='ltr'>erac.</span> <span class='ocrx_word' id='word_1_353' title='bbox 1107 2639 1205 2684; x_wconf 72' lang='lat' dir='ltr'>qaod</span> <span class='ocrx_word' id='word_1_354' title='bbox 1224 2639 1414 2672; x_wconf 48' lang='lat' dir='ltr'>(lisa-riman</span> <span class='ocrx_word' id='word_1_355' title='bbox 1442 2638 1595 2682; x_wconf 73' lang='lat' dir='ltr'>ineptum</span> <span class='ocrx_word' id='word_1_356' title='bbox 1623 2637 1717 2671; x_wconf 76' lang='lat' dir='ltr'>inter</span> <span class='ocrx_word' id='word_1_357' title='bbox 1742 2638 1858 2670; x_wconf 80' lang='lat' dir='ltr'>fortem</span> 
     </span>
     <span class='ocr_line' id='line_1_38' title="bbox 229 2696 1689 2742; baseline 0 -11"><span class='ocrx_word' id='word_1_358' title='bbox 229 2704 261 2731; x_wconf 66' lang='lat' dir='ltr'>e!</span> <span class='ocrx_word' id='word_1_359' title='bbox 288 2700 388 2729; x_wconf 82' lang='lat' dir='ltr'>uirum</span> <span class='ocrx_word' id='word_1_360' title='bbox 417 2698 569 2742; x_wconf 74' lang='lat' dir='ltr'>inferret</span> <span class='ocrx_word' id='word_1_361' title='bbox 741 2700 775 2732; x_wconf 61' lang='lat'>1¹3</span> <span class='ocrx_word' id='word_1_362' title='bbox 805 2701 889 2730; x_wconf 74' lang='lat' dir='ltr'>mitis</span> <span class='ocrx_word' id='word_1_363' title='bbox 921 2697 1138 2742; x_wconf 61' lang='lat' dir='ltr'>Hensv&#39;nsser:</span> <span class='ocrx_word' id='word_1_364' title='bbox 1170 2700 1253 2730; x_wconf 47' lang='lat' dir='ltr'>utilis</span> <span class='ocrx_word' id='word_1_365' title='bbox 1415 2698 1450 2729; x_wconf 68' lang='grc' dir='ltr'>Ιῑὶ</span> <span class='ocrx_word' id='word_1_366' title='bbox 1477 2698 1498 2739; x_wconf 63' lang='grc' dir='ltr'>ἦ</span> <span class='ocrx_word' id='word_1_367' title='bbox 1526 2696 1574 2734; x_wconf 63' lang='lat' dir='ltr'>(in</span> <span class='ocrx_word' id='word_1_368' title='bbox 1603 2706 1689 2731; x_wconf 71' lang='lat' dir='ltr'>ras.)</span> 
     </span>
     <span class='ocr_line' id='line_1_39' title="bbox 238 2760 1699 2809; baseline 0.003 -9"><span class='ocrx_word' id='word_1_369' title='bbox 238 2770 272 2800; x_wconf 66' lang='lat' dir='ltr'>if»</span> <span class='ocrx_word' id='word_1_370' title='bbox 301 2771 325 2800; x_wconf 57' lang='lat' dir='ltr'>si</span> <span class='ocrx_word' id='word_1_371' title='bbox 352 2760 459 2800; x_wconf 56' lang='lat' dir='ltr'>hom—is</span> <span class='ocrx_word' id='word_1_372' title='bbox 495 2770 541 2802; x_wconf 70' lang='lat' dir='ltr'>&lt;in</span> <span class='ocrx_word' id='word_1_373' title='bbox 570 2781 658 2806; x_wconf 56' lang='lat' dir='ltr'>ras.)</span> <span class='ocrx_word' id='word_1_374' title='bbox 829 2772 858 2804; x_wconf 71' lang='grc' dir='ltr'>ΙΙ</span> <span class='ocrx_word' id='word_1_375' title='bbox 892 2762 940 2802; x_wconf 63' lang='lat' dir='ltr'>ini</span> <span class='ocrx_word' id='word_1_376' title='bbox 964 2762 988 2802; x_wconf 71' lang='grc' dir='ltr'>(ἶ</span> <span class='ocrx_word' id='word_1_377' title='bbox 1016 2770 1048 2801; x_wconf 76' lang='lat' dir='ltr'>iu</span> <span class='ocrx_word' id='word_1_378' title='bbox 1079 2773 1166 2802; x_wconf 56' lang='lat' dir='ltr'>ras.)</span> <span class='ocrx_word' id='word_1_379' title='bbox 1337 2769 1373 2800; x_wconf 48' lang='lat' dir='ltr'>lv*</span> <span class='ocrx_word' id='word_1_380' title='bbox 1399 2763 1491 2809; x_wconf 51' lang='lat' dir='ltr'>&lt;stetis</span> <span class='ocrx_word' id='word_1_381' title='bbox 1519 2762 1564 2808; x_wconf 67' lang='grc' dir='ltr'>((1ι</span> <span class='ocrx_word' id='word_1_382' title='bbox 1591 2770 1699 2804; x_wconf 70' lang='lat' dir='ltr'>cnr-s.)</span> 
     </span>
    </p>
   </div>
   <div class='ocr_carea' id='block_1_14' title="bbox 229 2829 1098 2872">
    <p class='ocr_par' dir='ltr' id='par_1_14' title="bbox 229 2829 1098 2872">
     <span class='ocr_line' id='line_1_40' title="bbox 229 2829 1098 2872; baseline 0 -14"><span class='ocrx_word' id='word_1_383' title='bbox 229 2831 273 2861; x_wconf 61' lang='lat'>2⁵¹¹</span> <span class='ocrx_word' id='word_1_384' title='bbox 301 2829 499 2860; x_wconf 45' lang='lat' dir='ltr'>iracundia*-</span> <span class='ocrx_word' id='word_1_385' title='bbox 535 2829 618 2872; x_wconf 61' lang='lat' dir='ltr'>ista!</span> <span class='ocrx_word' id='word_1_386' title='bbox 645 2842 711 2861; x_wconf 54' lang='lat' dir='ltr'>an..</span> <span class='ocrx_word' id='word_1_387' title='bbox 810 2833 852 2863; x_wconf 60' lang='lat'>&#39;32</span> <span class='ocrx_word' id='word_1_388' title='bbox 880 2836 910 2861; x_wconf 79' lang='lat' dir='ltr'>te</span> <span class='ocrx_word' id='word_1_389' title='bbox 938 2829 985 2866; x_wconf 73' lang='lat' dir='ltr'>(iu</span> <span class='ocrx_word' id='word_1_390' title='bbox 1014 2832 1098 2862; x_wconf 49' lang='lat' dir='ltr'>rasni</span> 
     </span>
    </p>
   </div>
   <div class='ocr_carea' id='block_1_15' title="bbox 1894 421 1911 454">
    <p class='ocr_par' dir='ltr' id='par_1_15' title="bbox 1894 421 1911 454">
     <span class='ocr_line' id='line_1_41' title="bbox 1894 421 1911 454; baseline 0 0"><span class='ocrx_word' id='word_1_391' title='bbox 1894 421 1911 454; x_wconf 79' lang='lat'>1</span> 
     </span>
    </p>
   </div>
   <div class='ocr_carea' id='block_1_16' title="bbox 1891 702 1911 736">
    <p class='ocr_par' dir='ltr' id='par_1_16' title="bbox 1891 702 1911 736">
     <span class='ocr_line' id='line_1_42' title="bbox 1891 702 1911 736; baseline 0 0"><span class='ocrx_word' id='word_1_392' title='bbox 1891 702 1911 736; x_wconf 76' lang='lat'>‘2</span> 
     </span>
    </p>
   </div>
  </div>
 </body>
</html>
