1977 3231
74 333 93 367 5

60 1600 81 1634 10

54 2024 73 2057 02

611 163 715 192 DIAL.
738 165 790 192 111.
831 167 882 192 DE
904 168 970 193 IRA
992 168 1063 196 LIB.
1087 170 1108 196 Ι.
1138 173 1179 198 17.
1203 175 1244 198 18.
1695 184 1743 221 51

122 255 238 295 aliter
279 271 404 309 quam
447 259 515 310 qui
557 273 581 299 a
612 266 722 301 terra
754 264 865 302 uenti
897 272 1069 317 surgunt
1102 273 1143 306 et
1176 268 1411 309 fluminibus
1443 272 1748 327 paludibusque

120 328 311 379 concepti
353 329 440 374 sine
481 331 707 381 pertinacia
750 333 1020 375 uehementes
1058 344 1177 377 sunt:
1234 340 1374 393 incipit
1406 356 1562 395 magno
1595 345 1749 398 inpetu,

121 397 272 436 deinde
313 398 454 438 deficit
495 406 592 439 ante
634 407 800 455 tempus
843 404 1032 457 fatigata,
1076 413 1135 456 et,
1177 422 1285 461 quae
1327 411 1423 451 nihil
1467 413 1577 454 aliud
1620 430 1746 468 quam

119 467 409 508 crudelitatem
450 483 498 509 ac
540 485 650 511 noua
691 486 847 525 genera
879 490 1111 528 poenarum
1144 488 1398 530 uersauerat‚
1432 497 1526 524 cum
1559 488 1744 527 animad-

119 538 367 578 uertendum
410 545 490 589 est,
533 542 613 581 iam
660 543 789 584 fracta
820 545 1005 598 lenisque
1036 553 1110 587 est.
1172 550 1359 591 adfectus
1392 555 1473 593 cito
1507 557 1633 605 cadit,
1676 572 1743 597 ae-

118 607 227 659 quali
259 614 344 648 sest
376 611 493 651 ratio.
556 618 739 654 ceterum
769 617 894 655 etiam
923 617 993 656 ubi
1015 622 1295 670 perseuerauit
1317 622 1385 670 ira,
1418 638 1744 679 nonnumquam,

120 678 152 716 si
174 678 312 730 plures
334 685 428 719 sunt
451 682 519 733 qui
541 684 675 734 perire
697 692 946 735 meruerunt,
978 694 1075 740 post
1099 690 1277 730 duorum
1300 693 1477 733 triumue
1499 699 1743 748 sanguinem

120 749 311 789 occidere
364 751 525 791 desinit.
607 755 727 806 primi
761 756 855 799 ,eius
896 758 1000 797 ictus
1043 773 1158 799 acres
1200 768 1295 801 sunt
1345 765 1448 803 sicut
1489 769 1743 819 serpentium

118 832 278 859 uenena
309 834 333 860 a
365 821 486 861 cubili
520 826 777 876 erepentium
811 833 975 876 nocent,
1007 829 1164 870 innoxii
1197 833 1345 872 dentes
1377 840 1483 883 sunt,
1526 850 1620 876 cum
1653 838 1743 878 illos

116 887 308 941 frequens
351 905 513 932 morsus
557 893 769 935 exhausit:
837 911 939 950 ergo
981 913 1066 938 non
1107 902 1221 953 paria
1262 905 1473 955 patiuntur
1514 908 1582 958 qui
1625 910 1739 960 paria

116 961 431 1008 commiserunt,
485 969 524 1002 et
566 977 692 1017 saepe
734 967 802 1019 qui
845 969 979 1008 minus
1023 973 1250 1020 commisit,
1298 974 1388 1026 plus
1430 978 1602 1028 patitur,
1646 981 1741 1031 quia

114 1031 332 1070 recentiori
375 1031 562 1073 obiectus
605 1042 678 1075 est.
751 1043 792 1076 et
833 1039 873 1077 in
905 1045 1041 1080 totum
1074 1042 1298 1094 inaequalis
1331 1052 1414 1085 est:
1471 1048 1602 1087 modo
1635 1049 1741 1089 ultra

113 1113 239 1151 quarn
282 1108 451 1153 oportet
493 1107 693 1155 excurrit,
736 1109 868 1148 modo
912 1111 1075 1150 citerius
1118 1113 1262 1153 debito
1295 1116 1458 1156 resistit.
1520 1118 1596 1158 sibi
1629 1120 1738 1159 enim

112 1170 299 1223 indulget
343 1178 384 1211 et
427 1187 482 1213 ex
523 1174 692 1216 libidine
734 1178 887 1218 iudicat
931 1186 972 1220 et
1014 1183 1156 1222 audire
1197 1198 1281 1224 non
1314 1186 1400 1225 uult
1432 1194 1478 1226 etv
1505 1191 1737 1240 patrocinio

111 1254 195 1280 non
227 1241 417 1296 relinquit
448 1244 588 1285 locum
621 1252 663 1286 et
695 1261 744 1288 ea
775 1254 891 1289 tenet
923 1264 1030 1302 quae
1062 1254 1209 1293 inuasit
1241 1261 1282 1294 et
1315 1257 1414 1309 eripi
1445 1258 1521 1297 sibi
1543 1260 1737 1300 iudicium

110 1324 241 1360 suum,
275 1314 399 1352 etiam
432 1315 464 1354 si
496 1329 673 1367 prauum
706 1324 779 1367 est,
812 1334 896 1360 non
929 1322 1034 1362 sinit.

226 1382 380 1422 XVIII.
423 1384 549 1425 Ratio
581 1388 743 1440 utrique
775 1391 880 1442 parti
912 1397 1079 1445 tempus
1103 1395 1186 1434 dat.
1240 1396 1392 1436 deinde
1414 1399 1735 1441 aduocationem

109 1457 150 1490 et
183 1452 259 1492 sibi
290 1455 411 1506 petit,
455 1461 498 1495 ut
530 1459 805 1499 excutiendae
838 1462 999 1501 ueritati
1031 1465 1211 1516 spatium
1245 1465 1423 1507 habeat:
1468 1469 1527 1509 ira
1558 1470 1734 1511 festinat.

108 1522 213 1561 ratio
245 1523 287 1562 id
319 1524 498 1564 iudicare
531 1527 618 1566 uult
650 1529 763 1581 quod
796 1544 975 1583 aequum
1009 1539 1097 1575 est:
1143 1536 1201 1575 ira
1232 1537 1274 1575 id
1306 1551 1452 1578 aecum
1485 1541 1613 1580 uideri
1647 1541 1733 1581 uult

107 1593 223 1644 quod
266 1594 471 1635 iudicauit.
533 1598 638 1637 ratio
681 1599 736 1638 nil
777 1607 943 1653 praeter
983 1604 1118 1655 ipsum
1162 1607 1216 1645 de
1257 1621 1341 1659 quo
1374 1610 1510 1661 agitur
1541 1618 1726 1663 spectat:

105 1663 163 1701 ira
195 1665 310 1703 uanis
343 1671 383 1704 et
416 1672 537 1706 extra
569 1681 735 1709 causam
760 1672 1078 1714 obuersantibus
1102 1684 1406 1719 commonetur,
1460 1680 1596 1720 uoltus
1618 1682 1730 1722 illam

104 1734 302 1783 securior,
346 1749 433 1775 uox
466 1736 628 1786 clarior,
671 1754 810 1780 sermo
843 1742 1028 1792 liberior,
1071 1745 1202 1785 cultus
1235 1748 1471 1798 delicatior,
1504 1752 1730 1793 aduocatio

104 1803 384 1854 ambitiosior,
436 1806 554 1847 fauor
604 1810 814 1862 popularis
857 1822 1120 1867 exasperant.
1193 1831 1335 1870 saepe-
1359 1819 1507 1860 infesta
1548 1828 1728 1874 patrono

104 1886 219 1913 reum
265 1876 437 1916 damnat
450 1895 457 1925 ;
505 1879 630 1919 etiam
662 1881 695 1919 si
737 1882 936 1934 ingeritur
977 1885 1104 1925 oculis
1147 1889 1316 1936 ueritas,
1361 1896 1475 1930 amat
1517 1898 1558 1931 et
1591 1899 1729 1932 tuetur

102 1956 297 1984 errorem.
351 1949 520 2000 coargui
552 1963 636 1989 non
669 1951 755 1990 uult
789 1958 830 1992 et
862 1954 902 1992 in
935 1955 1044 1995 male
1076 1959 1235 2010 coeptis
1267 1958 1483 2000 honestior
1514 1962 1567 2001 illi
1600 1965 1723 2015 perti-

100 2015 218 2054 nacia
250 2016 412 2057 uidetur
443 2033 568 2071 quam
601 2021 865 2074 paenitentia.
928 2024 1002 2065 Cn.
1035 2026 1130 2066 Piso
1163 2028 1235 2068 fuit
1268 2032 1471 2071 memoria
1503 2040 1645 2073 nostra
1668 2036 1728 2074 uir

99 2097 124 2123 a
166 2085 304 2125 multis
347 2089 452 2128 uitiis
484 2090 666 2142 integer,
698 2094 775 2132 sed
807 2108 958 2146 prauus
991 2102 1032 2135 et
1065 2098 1127 2137 cui
1158 2097 1352 2150 placebat
1383 2116 1460 2154 pro
1494 2106 1726 2144 constantia

100 2154 222 2206 rigor.
284 2158 316 2196 is
360 2172 453 2199 cum
495 2161 622 2200 iratus
665 2163 759 2202 duci
801 2164 983 2205 iussisset
1023 2181 1140 2217 eum,
1181 2171 1250 2222 qui
1282 2184 1337 2210 ex
1370 2180 1607 2213 commeatu
1639 2176 1726 2215 sine

99 2226 384 2267 commilitone
442 2231 641 2280 redierat,
703 2235 819 2285 quasi
871 2236 1143 2278 interfecisset
1190 2254 1315 2292 quem
1358 2256 1442 2282 non
1484 2244 1725 2288 exhibebat,

97 2402 116 2431 :3
144 2401 252 2432 deficit
278 2401 442 2447 Lipsius:
473 2405 590 2437 defecit
736 2409 823 2440 aliud
849 2410 884 2450 (d
910 2420 960 2444 ea:
987 2415 996 2442 t
1022 2413 1131 2455 corr.)
1271 2415 1289 2446 ἶ)
1317 2417 1382 2447 iam
1409 2418 1510 2450 fracta
1536 2417 1719 2455 Muretus:

95 2459 159 2490 iam
187 2461 234 2491 ira
259 2461 362 2492 fracta
491 2465 598 2501 affeet;
739 2470 759 2496 ὃ
786 2469 888 2509 prinu
920 2469 1010 2511 (eam
1040 2470 1185 2505 uidetur
1211 2475 1218 2504 i
1241 2472 1346 2516 facta
1372 2477 1462 2519 esse)
1595 2479 1615 2511 Ω
1642 2491 1721 2511 uena

93 2518 147 2559 (ne
171 2520 368 2562 superscr.)
491 2522 526 2554 12
554 2512 723 2556 recentiori
825 2526 864 2560 13
892 2528 1121 2562 debitoresistit
1149 2531 1290 2573 (citerius
1315 2534 1428 2566 debito
1447 2536 1480 2568 2‘72
1500 2547 1614 2581 Μαι-9.
1636 2549 1679 2571 m.
1702 2540 1721 2570 3

91 2575 292 2620 repetitum)
404 2579 445 2612 14
472 2570 643 2622 patricinio
670 2583 703 2628 (o
731 2586 931 2628 μήκη-εον.)
1052 2588 1089 2620 lb)
1116 2590 1384 2633 ueritatispatium
1498 2595 1539 2628 12)
1567 2601 1629 2635 ecl-1
1656 2602 1721 2635 (ca‘

91 2645 108 2665 c
135 2639 187 2667 est
212 2647 230 2676 q
255 2634 409 2681 factum)
516 2641 618 2672 uideri
644 2643 709 2673 uult
737 2642 868 2688 Neal).:
898 2646 1001 2676 uideri
1028 2658 1091 2677 non
1118 2648 1182 2679 uult
1287 2649 1328 2683 21
1358 2648 1431 2683 uult’
1557 2654 1600 2687 23
1628 2655 1720 2686 saum·

91 2691 124 2732 (u
150 2693 185 2725 in
212 2695 233 2724 b
260 2698 370 2736 corr.)
469 2697 511 2730 24
539 2700 673 2731 damnat
699 2702 811 2735 ceteri
834 2708 871 2735 ut
898 2702 1060 2737 uidetur:
1090 2706 1213 2737 <lauant
1310 2709 1353 2742 27
1381 2711 1427 2741 ira
1454 2722 1570 2752 prauus
1599 2712 1717 2751 (ὴν-ῖς,

90 2750 158 2784 sed
186 2764 302 2793 prauus
336 2765 405 2788 mm
441 2761 520 2790 erat
552 2758 806 2803 lellqnand’ecm,
833 2760 880 2804 cl:
907 2760 958 2795 (ld
984 2762 1148 2797 Heluium
1180 2768 1231 2805 10,
1266 2769 1306 2799 10
1344 2771 1410 2799 tam
1450 2781 1570 2810 prauae
1604 2773 1718 2802 mentis

90 2810 234 2846 homini;
268 2810 355 2845 Vell.
382 2812 461 2849 Pal.
490 2817 520 2855 2,
554 2818 603 2855 18,
632 2820 650 2849 6
677 2820 711 2851 Ρ.
740 2818 900 2860 Sulpicius
926 2846 933 2853 .
959 2845 968 2854 .
996 2847 1003 2855 ,
1031 2823 1136 2853 subito
1164 2835 1280 2864 prauus
1306 2836 1344 2857 ac
1372 2838 1540 2869 praece1›s;
1571 2831 1601 2867 2,
1622 2835 1676 2869 541,
1698 2832 1715 2859 3

89 2869 171 2899 iussu
198 2870 338 2902 hominis
364 2874 545 2912 prauissimi
643 2876 687 2908 2<
715 2877 740 2907 is
767 2876 816 2918 (in
844 2880 931 2919 ras.)

1380 2954 1395 2976 ,Ι
1411 2952 1429 2964 ⁷2⁴

1764 923 1792 947 10

1761 1274 1768 1297 1

1776 1278 1790 1297 h

1752 1630 1785 1655 20

1745 1982 1778 2006 '25
