1977 3231
598 131 702 160 DIAL.
725 131 773 158 1V.
806 133 859 158 DE
880 132 947 158 IRA
967 132 1038 158 Llss.
1061 131 1098 159 ΙΙ.
1121 136 1146 160 1.
1166 136 1192 159 2.
1668 137 1719 175 57

103 230 338 282 indignatus
380 235 454 277 est,
497 229 720 278 damnauit,
762 230 990 270 ulciscitur:
1036 230 1141 270 haec
1182 244 1266 270 non
1304 235 1478 284 possunt
1509 229 1607 278 fieri,
1650 231 1724 270 nisi

103 300 263 340 animus
295 300 352 339 eis
384 300 531 352 quibus
563 300 813 352 tangebatur
844 302 1045 341 adsensus
1076 307 1151 341 est.

57 381 75 415 1
220 370 270 410 II.
333 369 543 423 Quorsus,
591 372 743 423 inquis,
795 371 900 411 haec
951 372 1138 424 quaestio
1182 372 1383 424 pertinet?
1452 377 1496 410 ut
1547 372 1724 411 sciamus

101 441 200 494 quid
232 442 283 481 sit
314 442 383 481 ira.
445 455 542 481 nam
575 443 608 481 si
638 443 772 482 inuitis
803 442 925 482 nobis
956 442 1148 489 nascitur,
1190 455 1415 494 numquam
1455 443 1602 482 rationi
1634 455 1723 482 suc-

103 511 282 550 cumbet.
344 525 491 551 omnes
544 513 652 552 enim
706 519 846 552 motus
898 513 966 565 qui
1017 526 1100 551 non
1153 512 1367 552 uoluntate
1418 519 1561 552 nostra
1611 513 1724 561 fiunt,

101 582 239 621 inuicti
271 588 312 622 et
343 583 597 622 ineuitabiles
629 590 736 632 sunt,
767 590 812 622 ut
842 583 992 622 horror
1022 582 1170 634 frigida
1192 583 1410 635 adspersis,
1442 583 1496 622 ad
1517 585 1724 636 quosdam

100 656 236 691 tactus
267 655 514 705 aspernatio.
576 655 631 693 ad
661 654 824 707 peiores
856 654 1021 693 nuntios
1042 652 1308 704 subriguntur
1339 653 1406 706 pili
1439 659 1481 693 et
1512 654 1640 694 rubor
1671 655 1725 694 ad

100 723 277 776 inproba
309 723 438 763 uerba
469 724 715 764 suffunditur
755 725 1020 776 sequiturque
1052 724 1214 776 uertigo
1256 730 1479 776 praerupta
1512 726 1725 765 cernentis.

101 807 278 846 quorum
310 795 405 846 quia
436 794 533 834 nihil
574 796 615 834 in
652 800 795 835 nostra
833 800 1045 848 potestate
1077 800 1160 842 est,
1202 793 1313 833 nulla
1344 808 1427 846 quo
1460 796 1592 835 minus
1624 795 1725 835 fiant

54 873 75 908 2
101 864 205 903 ratio
247 866 482 916 persuadet.
549 866 607 905 ira
647 866 880 918 praeceptis
923 864 1099 917 fugatur.
1173 871 1235 904 est
1287 866 1397 904 enim
1450 865 1725 905 uoluntarium

101 935 225 973 animi
256 935 412 982 uitium,
444 948 529 973 non
561 947 616 972 ex
648 933 721 981 his,
754 947 860 986 quae
883 933 1129 972 condicione
1150 933 1333 985 quadam
1366 931 1573 973 humanae
1605 935 1726 973 sortis

101 1005 295 1043 eueniunt
337 1005 518 1056 ideoque
572 1004 697 1043 etiam
741 1004 1050 1057 sapientissimis
1104 1004 1308 1045 accidunt.
1369 1004 1484 1063 inter·
1527 1018 1634 1056 quae
1686 1010 1727 1044 et

100 1075 256 1127 primus
287 1074 354 1114 ille
385 1076 488 1114 ictus
520 1075 645 1114 animi
685 1075 904 1127 ponendus
937 1080 1024 1122 est,
1056 1075 1124 1126 qui
1155 1087 1233 1113 nos
1264 1080 1361 1126 post
1393 1075 1636 1127 opinionem
1668 1076 1725 1114 in-

55 1155 74 1190 3
101 1145 224 1185 iuriae
257 1151 412 1185 mouet.
475 1145 540 1184 hic
581 1145 691 1184 subit
730 1145 855 1184 etiam
888 1145 992 1183 inter
1024 1143 1180 1184 ludicra
1211 1158 1386 1183 scaenae
1417 1145 1654 1197 spectacula
1687 1152 1727 1185 et

100 1215 299 1256 lectiones
341 1230 477 1256 rerum
520 1222 788 1255 uetustarum.
857 1229 983 1268 saepe
1026 1214 1176 1255 Clodio
1211 1214 1458 1255 Ciceronem
1503 1216 1728 1269 expellenti

101 1292 143 1326 et
174 1286 366 1326 Antonio
399 1287 607 1326 occidenti
639 1287 829 1326 uidemur
859 1287 988 1325 irasci.
1050 1286 1140 1338 quis
1171 1299 1256 1324 non
1289 1292 1435 1325 contra
1466 1286 1571 1326 Mari
1603 1301 1728 1334 arma,

101 1363 248 1397 contra
289 1356 428 1398 Sullae
469 1358 818 1410 proscriptionem
861 1357 1118 1396 concitatur?
1171 1357 1260 1409 quis
1302 1369 1387 1395 non
1427 1356 1655 1397 Theodoto
1689 1364 1729 1397 et

101 1427 293 1468 Achillae
344 1434 385 1468 et
437 1429 512 1481 ipsi
562 1441 694 1481 puero
736 1441 822 1467 non
872 1427 1028 1480 puerile
1079 1440 1181 1466 auso
1224 1426 1379 1467 facinus
1416 1426 1586 1467 infestus
1639 1431 1728 1468 est?

47 1488 75 1540 ‘4
103 1504 246 1538 cantus
278 1512 356 1538 nos
397 1512 712 1551 nonnumquam
753 1504 794 1537 et
833 1498 958 1538 citata
998 1497 1230 1537 modulatio
1273 1499 1442 1550 instigat
1473 1498 1730 1552 Martiusque

101 1568 167 1608 ille
199 1569 394 1608 tubarum
427 1583 563 1617 sonus,
603 1574 746 1608 mouet
769 1575 931 1608 mentes
954 1574 995 1608 et
1017 1574 1141 1608 atrox
1163 1569 1322 1620 pictura
1344 1574 1386 1608 et
1414 1570 1729 1609 iustissimorum

55 1648 75 1682 5
102 1639 396 1692 suppliciorum
418 1640 543 1679 tristis
565 1641 799 1692 adspectus.
862 1639 958 1679 inde
990 1645 1066 1686 est,
1097 1640 1213 1691 quod
1242 1639 1479 1678 adridemus
1502 1640 1730 1680 ridentibus

103 1715 145 1749 et
187 1711 405 1749 contristat
447 1723 525 1750 nos
564 1711 687 1750 turba
728 1711 1001 1749 maerentium
1043 1716 1084 1749 et
1137 1710 1440 1749 efferuescimus
1492 1711 1548 1750 ad
1599 1710 1731 1750 aliena

103 1781 358 1829 certamina3
395 1794 503 1833 quae
534 1794 618 1820 non
640 1787 734 1820 sunt
766 1782 861 1828 irae,
893 1794 978 1820 non
1011 1782 1144 1834 magis
1166 1795 1291 1833 quam
1323 1781 1485 1820 tristitia
1518 1786 1592 1828 est,
1625 1794 1732 1833 quae

103 1852 158 1891 ad
210 1857 483 1904 conspectum
536 1852 688 1891 mimici
740 1850 939 1903 naufragii
981 1851 1189 1890 contrahit
1225 1851 1417 1899 frontem,
1470 1864 1554 1890 non
1599 1851 1731 1902 magis

105 1935 230 1975 quam
281 1923 417 1970 timor,
470 1923 538 1974 qui
580 1920 816 1961 Hannibale
859 1928 955 1975 post
989 1920 1153 1961 Cannas
1196 1922 1364 1961 moenia
1416 1922 1766 1961 circumsidente.

103 1992 270 2032 lectoris
302 1993 501 2045 percurrit
532 1993 726 2031 animum.
789 1993 864 2031 sed
898 1993 1039 2031 omnia
1081 1993 1158 2031 ista
1190 1998 1330 2031 motus
1371 1997 1466 2030 sunt
1499 1992 1731 2030 animorum

106 2063 264 2102 moueri
287 2062 516 2102 nolentium
538 2076 615 2102 nec
646 2062 847 2110 adfectus,
878 2063 954 2102 sed
976 2063 1173 2115 principia
1204 2062 1467 2114 proludentia
1488 2061 1732 2101 adfectibus.

59 2143 79 2177 6
105 2133 163 2173 sic
191 2133 300 2172 enim
333 2132 516 2172 militaris
548 2133 619 2172 uiri
650 2133 690 2172 in
724 2134 863 2172 media
895 2146 999 2186 pace
1031 2133 1112 2172 iam
1144 2133 1278 2185 togati
1301 2145 1419 2172 aures
1441 2132 1543 2171 tuba
1564 2133 1733 2172 suscitat

107 2294 127 2328 2
154 2297 199 2327 eis
225 2294 439 2329 deteriores:
470 2296 535 2327 eius
656 2307 800 2327 assensus
828 2295 958 2340 (prima
985 2307 998 2325 s
1025 2306 1043 2328 e
1069 2296 1181 2336 corr.)
1303 2297 1322 2327 [ἰ
1350 2286 1529 2327 ieiiitabiles
1557 2295 1691 2340 (prium
1718 2307 1734 2327 e

108 2354 216 2396 corr.)
349 2356 453 2396 aspsis
600 2355 611 2387 ἶ
649 2351 722 2386 tact'
753 2366 771 2388 e
805 2365 912 2397 corr„
952 2353 1096 2388 uidelm'
1140 2355 1234 2386 tactis
1268 2353 1385 2398 fuisse
1535 2356 1576 2385 ad
1615 2356 1734 2396 peioris

243 2414 341 2444 robur
367 2418 477 2452 (corr.
504 2412 539 2446 2'12
566 2414 677 2455 rubor)
808 2413 848 2446 15»
876 2413 1006 2444 claudio
1034 2413 1080 2453 (ιή
1108 2413 1197 2454 ras.)
1327 2413 1457 2444 ciceron
1483 2412 1577 2457 (post
1603 2425 1622 2444 n
1649 2424 1734 2455 ras„

108 2471 144 2504 in
170 2482 285 2517 marq.
313 2482 357 2504 m.
384 2475 404 2504 4
425 2481 432 2488 ·
452 2481 458 2488 ·
478 2468 513 2502 ec.
537 2472 701 2521 cicerone)
742 2517 747 2521 ι
807 2472 972 2504 excellenti
1001 2474 1031 2513 (c
1057 2471 1091 2504 in
1118 2483 1139 2514 p
1166 2472 1275 2513 corr.)
1384 2472 1424 2504 113
1452 2473 1546 2502 marii
1573 2471 1620 2512 (jn
1649 2472 1733 2506 ras.)

699 2527 710 2542 δ’
727 2527 731 2541 1
752 2526 762 2542 Γ

112 2553 153 2586 ῙῙ
180 2554 250 2584 Sine
277 2553 326 2594 (ῖὶι
354 2564 441 2594 νας).
560 2555 600 2587 ΙΝ
626 2524 973 2599 :senffiltlgssupmscr-
1001 2565 1044 2588 m.
1071 2554 1158 2596 rec.)
1274 2554 1318 2586 ‘2⁴³
1344 2565 1449 2590 sonus,
1478 2553 1599 2597 mouet]
1628 2553 1735 2586 inler-

104 2611 336 2656 punctionem
363 2613 527 2646 correxit
554 2611 715 2657 Madue'q,
742 2612 961 2657 uulqabaew·
986 2624 1082 2644 sonus
1107 2618 1216 2644 mouet
1352 2612 1393 2645 21
1424 2601 1595 2653 adspectu,-

112 2671 187 2702 inde
212 2676 268 2710 est,
295 2672 382 2713 quod
401 2670 437 2705 E
448 2673 473 2703 ¹:
503 2672 584 2703 idest
610 2673 697 2712 quod
722 2670 799 2705 cod.
828 2672 989 2713 iidemque
1016 2670 1164 2717 Madne'y
1262 2668 1413 2702 arridem'
1446 2670 1561 2714 (prior
1587 2682 1600 2701 ι·
1626 2673 1736 2711 corr.)

232 2728 275 2762 215
303 2731 445 2761 animum
473 2728 656 2764 Illurelus:
693 2731 820 2761 animos
940 2729 988 2773 cs.
1021 2729 1126 2774 l'ery,
1155 2729 1240 2763 Αιή.
1269 2732 1304 2768 2,
1336 2732 1400 2762 120
1428 2740 1484 2771 per
1510 2730 1574 2760 ima
1601 2729 1737 2760 cucurrit

114 2799 187 2819 ossa
213 2793 333 2820 tremor
464 2789 505 2822 ΞΤ
533 2789 710 2820 nolentium
737 2788 829 2829 cod„
855 2786 1069 2825 Pinciamzs3
1099 2789 1272 2820 nolentium
1298 2786 1406 2831 vul-qo
1538 2786 1577 2821 In
1606 2788 1736 2818 affectus

114 2852 155 2885 et,
173 2848 339 2878 affectibu<
360 2847 467 2891 prior
493 2848 508 2878 s
530 2858 548 2881 e
573 2857 666 2881 corr.
755 2847 799 2880 ‘2⁵
825 2848 884 2878 uiri
912 2847 1020 2891 (corr.
1047 2857 1090 2880 m.
1115 2858 1172 2891 pr.
1201 2856 1250 2880 ecc
1275 2846 1335 2885 uir)

1751 876 1779 900 10

1751 1228 1781 1252 15

1749 1585 1782 1610 20
