2008 3221
243 120 326 159 250
456 116 557 142 DIAL.
580 116 631 142 XI.
670 115 725 140 AD
747 115 926 141 HELVIAM
948 115 1120 140 MATREM
1142 115 1194 140 DE
1214 114 1536 141 CONSOLATIONE·
1577 118 1602 141 5.
1625 117 1649 141 6.

241 219 411 266 optant,
455 212 688 252 existimaui
730 225 898 264 semper
940 211 1037 251 nihil
1080 212 1164 251 ueri
1205 211 1305 251 boni
1338 211 1480 251 inesse.
1543 218 1632 251 tum
1664 212 1797 251 inania
1830 218 1872 250 et

240 285 430 336 specioso
464 296 513 322 ac
546 283 789 334 deceptorio
821 281 916 321 fuco
949 282 1176 322 circumlita
1208 283 1363 330 inueni,
1412 283 1516 321 intra
1549 281 1645 321 nihil
1677 281 1873 321 habentia

241 354 363 393 fronti
404 367 502 392 suae
534 353 689 392 simile:
735 367 843 392 nunc
885 353 925 393 in
968 353 1040 401 his,
1083 366 1190 405 quae
1233 352 1341 392 mala
1382 358 1604 400 uocantur,
1647 351 1744 392 nihil
1785 359 1871 392 tam

240 424 420 465 terribile
452 438 501 463 ac
533 425 683 478 durum
717 425 880 464 inuenio
913 438 1039 476 quam
1072 424 1212 475 opinio
1247 423 1359 475 uolgi
1392 423 1636 462 minabatur.
1698 423 1873 462 uerbum

189 509 204 530 ῑ»
240 496 409 548 quidem
453 495 588 547 ipsum
631 495 898 548 persuasione
942 496 1126 547 quadam
1171 500 1211 534 et
1255 508 1459 534 consensu
1491 495 1571 533 iam
1604 493 1788 546 asperius
1820 492 1874 532 ad

240 580 358 605 aures
401 567 513 605 uenit
555 573 597 606 et
636 567 852 606 audientes
891 573 1107 618 tamquam
1151 567 1265 605 triste
1308 571 1348 604 et
1391 563 1628 604 execrabile
1659 563 1774 603 ferit:
1820 565 1876 603 ita

241 638 349 676 enim
393 637 571 690 populus
614 638 739 678 iussit.
801 639 876 677 sed
919 637 1062 689 populi
1104 637 1206 676 scita
1244 650 1298 675 ex
1332 649 1487 688 magna
1519 642 1637 687 parte
1668 635 1876 687 sapientes

241 708 460 760 abrogant.

359 779 430 818 VI.
494 779 680 819 Remoto
715 792 817 831 ergo
850 780 998 819 iudicio
1030 778 1219 831 plurium,
1251 792 1357 830 quos
1390 778 1523 831 prima
1545 790 1682 816 rerum
1705 776 1876 829 species,

190 860 220 884 10
242 856 466 902 utcumque
499 849 655 890 credita
687 857 771 898 est,
805 849 956 898 aufert,
991 850 1229 897 uideamus,
1268 850 1366 902 quid
1398 849 1450 888 sit
1482 847 1676 887 exilium:
1723 860 1877 899 nempe

241 921 320 961 loci
353 922 640 961 commutatio.
704 935 756 960 ne
789 927 1013 973 angustare
1056 921 1199 960 uidear
1231 921 1315 959 uim
1348 921 1433 959 eius
1465 925 1506 958 et
1538 918 1739 971 quidquid
1782 932 1874 970 pes-

241 991 392 1031 simum
434 992 473 1031 in
517 1006 561 1031 se
604 991 754 1040 habet,
803 992 1072 1032 subtrahere:
1142 992 1249 1031 hanc
1292 990 1669 1031 commutationem
1701 989 1780 1029 loci
1811 1002 1875 1029 se-

241 1070 422 1115 quuntur
452 1064 748 1103 incommoda:
795 1069 1032 1116 paupertas,
1067 1062 1304 1115 ignominia,
1338 1067 1615 1113 contemptus.
1678 1061 1877 1100 aduersus

241 1135 318 1173 ista
362 1140 511 1187 postea
553 1134 805 1186 confligam:
862 1134 1026 1174 interim
1065 1134 1245 1186 primum
1288 1132 1385 1172 illud
1429 1132 1574 1171 intueri
1617 1131 1735 1179 uolo,
1777 1131 1877 1183 quid

192 1215 221 1238 15
243 1205 378 1245 acerbi
412 1204 573 1244 adferat
605 1205 693 1257 ipsa
726 1205 805 1244 loci
839 1205 1126 1244 commutatio.

393 1276 545 1316 Carere
596 1276 730 1328 patria
781 1275 1039 1316 intolerabile
1082 1282 1155 1315 est.
1217 1276 1386 1328 adspice
1428 1275 1611 1327 agedum
1654 1273 1761 1313 hanc
1799 1272 1876 1312 sre-

243 1348 476 1399 quentiam,
519 1347 581 1386 cui
614 1347 683 1386 uix
728 1347 839 1386 urbis
880 1348 1092 1386 inmensae
1134 1352 1246 1386 tecta
1288 1345 1518 1385 sufficiunt:
1566 1345 1752 1384 maxima
1783 1358 1878 1397 pars

243 1419 356 1457 istius
389 1418 537 1457 turbae
569 1418 701 1471 patria
734 1424 858 1459 caret.
921 1432 975 1457 ex
1009 1418 1235 1470 municipiis
1268 1422 1309 1456 et
1342 1416 1512 1456 coloniis
1544 1417 1646 1463 suis,
1690 1429 1744 1454 ex
1786 1421 1878 1455 toto

244 1489 424 1541 denique
457 1489 560 1528 orbe
593 1495 796 1528 terrarum
830 1488 1133 1528 confluxerunt.
1196 1487 1298 1527 alios
1337 1487 1513 1527 adduxit
1552 1486 1744 1534 ambitio,
1777 1485 1879 1525 alios

189 1569 222 1592 20
243 1561 468 1599 necessitas
517 1559 637 1599 officii
686 1559 857 1612 publici,
902 1559 1003 1599 alios
1047 1559 1225 1612 inposita
1257 1558 1432 1611 legatio,
1477 1557 1578 1597 alios
1610 1557 1771 1597 luxuria
1803 1570 1876 1609 op-

243 1638 469 1685 portunum
512 1638 553 1671 et
597 1630 842 1684 opulentum
885 1631 990 1670 uitiis
1032 1630 1171 1670 locum
1216 1643 1440 1683 quaerens,
1493 1628 1596 1668 alios
1650 1627 1878 1668 liberalium

244 1704 476 1743 studiorum
531 1702 754 1754 cupiditas,
808 1702 908 1742 alios
951 1702 1198 1755 spectacula.
1270 1701 1478 1754 quosdam
1521 1700 1648 1739 traxit
1691 1699 1879 1746 amicitia,

244 1775 451 1826 quosdam
505 1774 704 1813 industria
756 1773 898 1812 laxam
948 1774 1236 1813 ostendendae
1279 1772 1416 1812 uirtuti
1461 1776 1613 1810 nancta
1652 1771 1879 1810 materiam.

244 1846 414 1897 quidam
449 1830 638 1884 uenalem
674 1844 853 1884 formam
886 1844 1123 1893 attulerunt,
1157 1844 1327 1896 quidam
1361 1841 1552 1882 uenalem
1586 1841 1867 1894 eloquentiam

190 1924 223 1948 ²5
245 1916 400 1955 nullum
437 1929 520 1955 non
554 1916 771 1955 hominum
805 1929 938 1968 genus
972 1916 1231 1955 concucurrit
1264 1914 1303 1953 in
1336 1914 1482 1953 urbem
1517 1919 1557 1953 et
1589 1912 1807 1952 uirtutibus
1840 1918 1912 1951 et.

245 1988 349 2027 uitiis
393 2000 547 2039 magna
585 1987 717 2040 pretia
748 1993 990 2039 ponentem.
1052 1986 1147 2025 iube
1181 1986 1281 2025 istos
1314 1998 1461 2025 omnes
1494 1985 1548 2024 ad
1581 1997 1736 2024 nomen
1768 1984 1881 2023 citari

246 2064 286 2097 ct
332 2059 441 2097 unde
496 2059 627 2097 domo
679 2059 854 2110 quisque
905 2059 957 2098 sit
1009 2072 1186 2110 quaere:
1244 2056 1405 2097 uidebis
1460 2057 1663 2096 maiorem
1716 2061 1879 2108 partem

246 2143 358 2177 esse,
401 2143 507 2182 quae
551 2129 698 2168 relictis
739 2129 909 2169 sedibus
952 2130 1034 2169 suis
1077 2130 1235 2168 uenerit
1276 2128 1315 2167 in
1358 2127 1590 2167 maximam
1632 2127 1800 2179 quidem
1834 2138 1882 2165 ac

246 2199 565 2252 pulcherrimam
610 2200 778 2249 urbem,
818 2215 901 2240 non
944 2207 1087 2241 tamen
1129 2214 1257 2240 suam.
1321 2198 1472 2239 deinde
1510 2198 1564 2238 ab
1598 2197 1677 2237 hac
1715 2197 1881 2237 ciuitate

192 2281 225 2304 2³0
247 2271 426 2319 discede,
458 2285 565 2324 quae
597 2271 725 2311 ueluti
757 2272 991 2311 communis
1022 2277 1163 2324 potest
1197 2271 1286 2311 dici.
1350 2283 1497 2309 omnes
1530 2269 1652 2308 urbes
1685 2268 1876 2308 circumi:

254 2471 261 2503 l
295 2471 474 2502 existimaui
502 2470 630 2514 neclfsoz
661 2472 806 2503 estimaui
928 2476 991 2502 tum
1013 2474 1100 2515 post
1126 2481 1253 2512 semper
1280 2478 1498 2514 maynopcre
1525 2467 1708 2513 de'splz‘cel3
1737 2465 1880 2500 Pincia-

249 2540 316 2563 nus
343 2530 493 2563 coniecit
517 2532 602 2572 quin,
630 2531 749 2564 nescio
775 2541 820 2563 (ιη
849 2540 934 2563 uere
1065 2530 1084 2562 2
1121 2541 1158 2561 ac
1186 2529 1375 2570 deceptorio
1403 2527 1494 2570 cod„
1521 2527 1601 2561 item
1629 2525 1878 2571 Bonam-sium

249 2601 285 2620 ac
306 2590 480 2630 ‹lecepturo
500 2588 607 2634 wzlqo
729 2590 748 2622 3
777 2600 852 2621 suae
871 2587 1002 2622 deleuit
1023 2586 1219 2621 Pl‘nciamls
1342 2587 1378 2620 ll
1411 2587 1566 2628 quidquid
1693 2586 1732 2618 14
1753 2586 1783 2616 in
1803 2585 1880 2616 tueri

250 2649 351 2693 (post
378 2649 407 2679 in
436 2646 565 2681 lacuna
589 2653 742 2693 propter
769 2646 929 2682 charlam
956 2647 1136 2685 vitiosam)
1296 2646 1332 2679 15»
1367 2646 1548 2678 cemutatio
1697 2643 1736 2677 1ss
1773 2644 1882 2685 aspice

400 2706 434 2740 17
462 2708 618 2745 innneme
764 2707 807 2740 ‘253
834 2709 916 2738 nanc
943 2712 975 2738 ta
1145 2706 1191 2740 ‘243
1227 2706 1328 2748 pretia
1499 2703 1542 2737 ‘27
1577 2704 1660 2735 unde
1686 2704 1808 2734 domo?
1832 2700 1881 2745 cf.

255 2765 359 2810 Verq.
386 2766 471 2801 Amr.
501 2768 531 2808 ὃ,
564 2769 624 2799 114
654 2769 704 2808 qui
732 2769 854 2809 genus?
881 2768 965 2798 unde
992 2767 1114 2797 domo?
1150 2776 1309 2808 pacemne
1334 2766 1396 2796 huc
1424 2764 1510 2795 sertis
1537 2775 1575 2794 an
1604 2763 1715 2793 arma?

249 2852 294 2884 :30
321 2833 500 2882 communiS
622 2851 753 2881 circumi
781 2847 840 2884 uel
864 2851 962 2882 circui
990 2849 1208 2884 (lelcrl'0r652
1239 2850 1330 2881 circu

1904 1280 1925 1313 ἰ»)
