1977 3231
52 240 70 274 1

578 137 682 164 DIAL.
703 137 752 164 IV.
792 137 844 163 DE
864 137 932 163 IRA
954 138 1026 165 LIB.
1048 136 1085 163 11.
1124 136 1240 163 2:3—24.
1671 142 1723 180 73

217 234 368 275 XXIII.
431 235 566 274 Notus
626 240 688 274 est
746 234 811 274 ille
868 234 1129 286 tyrannicida
1185 235 1253 287 qui
1311 233 1538 286 inperfecto
1598 246 1725 287 opere

99 305 408 359 conprehensus
451 310 492 343 et
525 305 578 343 ab
612 305 765 358 Hippia
797 311 949 352 tortus,
992 311 1036 344 ut
1069 306 1257 344 conscios
1289 302 1509 353 indicaret,
1551 305 1723 344 circum-

98 383 256 418 stantes
289 376 446 415 amicos
477 375 642 426 tyranni
664 376 892 414 nominauit
914 375 1144 427 quibusque
1170 376 1354 414 maxime
1377 389 1514 415 caram
1548 375 1724 415 salutem

99 449 185 488 eius
228 446 396 486 sciebat.
460 451 501 485 et
544 458 638 484 cum
680 445 746 485 ille
797 445 1002 497 singulos,
1055 451 1099 484 ut
1150 446 1350 485 nominati
1402 451 1539 494 erant,
1592 447 1724 486 occidi

98 519 291 565 iussisset,
324 517 606 568 interroganti,
641 517 780 568 ecquis
803 522 1054 569 superesset,
1086 522 1141 564 tu,
1179 517 1320 568 inquit,
1342 516 1478 555 solus:
1516 517 1725 556 neminem

99 588 208 628 enim
250 587 374 627 alium
417 587 479 626 cui
521 600 639 627 carus
680 601 793 627 esses
835 586 988 639 reliqui.
1051 587 1184 626 effecit
1216 587 1290 635 ira,
1333 592 1377 626 ut
1417 592 1617 638 tyrannus
1658 593 1724 639 ty-
1768 607 1771 610 ·

99 658 334 698 rannicidae
357 671 503 697 manus
526 658 877 697 adcommodaret
910 662 951 696 et
982 657 1187 710 praesidia
1218 670 1292 696 sua
1315 657 1456 709 gladio
1478 671 1553 697 suo
1577 659 1723 697 caede-

98 715 171 769 ret.
234 735 391 781 quanto
434 729 660 767 animosius
703 727 973 767 Alexander?
1026 729 1095 780 qui
1147 741 1241 767 cum
1286 726 1454 779 legisset
1506 728 1725 780 epistulam

98 799 257 848 matris,
299 813 380 851 qua
422 798 749 847 admonebatur,
793 804 837 837 ut
879 812 904 838 a
947 811 1110 837 ueneno
1144 797 1319 851 Philippi
1362 799 1511 837 medici
1549 804 1726 847 caueret,

99 876 315 922 acceptam
357 858 574 922 potionem
613 882 697 908 non
739 869 959 908 deterritus
990 868 1106 909 bibit.
1167 869 1258 922 plus
1290 868 1367 908 sibi
1399 869 1452 908 de
1483 870 1618 908 amico
1650 882 1726 908 suo

99 941 284 980 credidit.
347 940 496 992 dignus
528 939 600 979 fuit
632 940 701 992 qui
732 940 996 979 innocentem
1030 939 1224 987 haberet,
1269 939 1418 991 dignus
1461 940 1530 992 qui
1562 938 1725 978 faceret.

97 1011 182 1051 hoc
213 1024 265 1050 eo
297 1011 431 1062 magis
463 1012 502 1050 in
533 1010 786 1050 Alexandro
818 1010 955 1058 laudo,
997 1010 1093 1064 quia
1124 1024 1251 1050 nemo
1283 1016 1371 1049 tam
1404 1010 1612 1063 obnoxius
1644 1011 1728 1050 irae

98 1081 181 1122 fuit.
234 1096 318 1135 quo
351 1082 480 1120 rarior
511 1087 652 1120 autem
685 1082 920 1121 moderatio
952 1082 992 1120 in
1023 1081 1204 1133 regibus,
1237 1080 1318 1120 hoc
1355 1080 1563 1120 laudanda
1595 1081 1727 1132 magis

99 1158 173 1192 est.
213 1137 329 1191 'fecit
371 1151 454 1191 hoc
496 1158 536 1191 et
570 1150 615 1192 C.
649 1151 802 1191 Caesar
841 1151 907 1191 ille
950 1152 1018 1204 qui
1062 1153 1234 1191 uictoria
1271 1151 1375 1190 ciuili
1407 1151 1727 1190 clementissime

98 1236 193 1262 usus
226 1229 299 1263 est.
362 1236 456 1262 cum
488 1223 633 1262 scrinia
665 1223 956 1275 deprendisset
988 1222 1255 1275 epistularum
1288 1221 1339 1261 ad
1375 1221 1448 1261 Cn.
1480 1222 1727 1274 Pompeium

98 1294 316 1333 missarum
359 1293 413 1332 ab
454 1294 500 1333 iis
543 1294 612 1346 qui
654 1292 903 1332 uidebantur
953 1299 1024 1332 aut
1076 1293 1116 1332 in
1158 1293 1329 1332 diuersis
1381 1298 1452 1331 aut
1493 1293 1532 1331 in
1574 1292 1727 1331 neutris

98 1363 221 1404 fuisse
252 1363 449 1417 partibus,
483 1364 707 1404 conbussit.
766 1364 956 1416 quamuis
989 1364 1208 1403 moderate
1239 1363 1393 1403 soleret
1424 1363 1552 1410 irasci,
1585 1361 1727 1401 maluit

98 1440 241 1474 tamen
273 1448 357 1474 non
388 1448 524 1487 posse.
581 1435 862 1486 gratissimum
894 1434 1055 1487 putauit
1087 1447 1217 1486 genus
1252 1434 1396 1473 ueniae
1428 1434 1595 1481 nescire,
1628 1433 1727 1485 quid

100 1506 272 1558 quisque
303 1511 529 1557 peccasset.
847 1486 857 1498 ’

218 1575 376 1615 XXIV.
415 1575 640 1614 Plurimum
674 1575 771 1615 mali
803 1574 1023 1614 credulitas
1061 1574 1169 1616 facit.
1231 1588 1357 1627 saepe
1389 1588 1441 1613 ne
1473 1574 1727 1613 audiendum

99 1646 268 1699 quidem
301 1651 382 1693 est,
424 1646 620 1698 quoniam
664 1646 704 1684 in
736 1645 985 1698 quibusdam
1018 1645 1142 1685 rebus
1181 1645 1307 1684 satius
1340 1651 1402 1684 est
1435 1645 1569 1696 decipi
1600 1656 1727 1696 quam

99 1716 297 1756 diffidere,
360 1716 547 1755 tollenda
589 1729 643 1755 ex
686 1716 824 1755 animo
867 1716 1044 1768 suspicio
1089 1721 1129 1755 et
1172 1716 1424 1762 coniectura,
1467 1713 1727 1753 fallacissima

99 1787 373 1826 inritamenta.
457 1785 523 1825 ille
564 1799 633 1825 me
678 1800 825 1839 parum
867 1785 1049 1825 humane
1090 1785 1294 1826 salutauit.
1355 1784 1420 1824 ille
1453 1784 1596 1824 osculo
1630 1797 1726 1823 meo

99 1871 184 1897 non
225 1857 426 1897 adhaesit.
490 1856 555 1895 ille
607 1856 848 1896 inchoatum
892 1870 1131 1896 sermonem
1185 1857 1267 1896 cito
1319 1856 1494 1907 abrupit.
1555 1854 1620 1894 ille
1673 1855 1728 1893 ad

101 1941 247 1968 cenam
279 1941 364 1967 non
396 1927 572 1967 uocauit.
635 1926 736 1966 illius
779 1927 915 1978 uoltus
956 1927 1140 1966 auersior
1181 1927 1290 1966 uisus
1332 1931 1406 1966 est.
1468 1939 1552 1964 non
1597 1925 1761 1966 deerit2

98 1999 319 2051 suspicioni
360 1997 689 2050 argumentatio:
736 1997 998 2050 simplicitate
1039 2011 1145 2049 opus
1188 2002 1250 2036 est
1292 2002 1334 2035 et
1371 1996 1552 2048 benigna
1590 2009 1726 2034 rerum

99 2068 399 2108 aestimatione.
467 2067 564 2107 nihil
606 2068 679 2107 nisi
721 2068 837 2120 quod
878 2068 918 2106 in
962 2067 1106 2107 oculos
1148 2068 1327 2106 incurret
1378 2066 1727 2118 manifestumque

99 2140 175 2178 erit
227 2138 466 2186 credamus,
533 2145 574 2178 et
638 2139 830 2190 quotiens
892 2138 1069 2190 suspicio
1122 2144 1265 2178 nostra
1317 2150 1423 2176 uana
1478 2137 1725 2190 apparuerit,

209 2268 229 2300 *2
256 2268 370 2308 hippia
397 2264 467 2298 tout'
496 2265 565 2308 (pia
591 2263 661 2297 tort'
690 2265 726 2298 ‘ln
752 2266 840 2308 ras.)
955 2265 974 2298 5
1002 2265 1212 2307 iffierroganti
1238 2263 1409 2310 Bladm'q:
1440 2263 1616 2306 inf1·0gauit

99 2326 201 2367 etquis
228 2324 383 2368 (panquis
408 2334 592 2369 suprascr.
620 2335 664 2358 m.
692 2324 779 2367 ree.)
902 2329 933 2355 tu
959 2325 1060 2366 inquit
1088 2324 1137 2366 (in
1162 2334 1276 2368 marg).
1304 2322 1448 2357 addidit
1472 2334 1517 2357 m.
1544 2333 1614 2357 rec.
1641 2323 1727 2354 solus

99 2385 230 2417 nemine
255 2388 307 2416 eni
334 2385 402 2425 alifi
429 2385 479 2416 cui
506 2381 570 2416 car'
599 2395 682 2415 esses
708 2384 834 2426 reliqui)
973 2382 993 2416 7
1022 2384 1288 2414 accommodaret
1316 2380 1540 2417 memorabili
1560 2380 1726 2425 exemplo

93 2453 168 2488 pro
195 2443 433 2482 commodaret,
460 2441 559 2487 quod
574 2441 741 2476 Illurelus
762 2440 948 2487 praetulit,
975 2440 1023 2485 cli
1052 2440 1097 2475 de
1122 2442 1177 2475 ἱνα
1205 2442 1237 2481 3,
1266 2443 1319 2481 11,
1346 2444 1365 2474 4
1393 2443 1445 2483 qui
1473 2441 1589 2472 uellent
1615 2450 1727 2470 manus

101 2503 129 2533 ei
148 2502 380 2539 commodare3
411 2503 442 2541 3,
465 2503 517 2541 12,
538 2504 556 2534 *2
578 2512 618 2532 an
637 2512 767 2532 manum
787 2502 878 2533 alteri
905 2501 1183 2538 commodanerit;
1213 2510 1294 2545 epp.
1314 2501 1345 2540 8,
1366 2501 1384 2532 6
1404 2511 1519 2531 uocem
1547 2503 1576 2530 et
1594 2509 1727 2529 manum

102 2561 372 2597 commodarem;
402 2570 481 2605 epp.
501 2561 555 2600 70,
576 2561 594 2592 8
614 2571 678 2591 non
697 2560 923 2591 commodabit
942 2570 1067 2601 poenae
1084 2570 1159 2590 suae
1182 2559 1335 2595 'manunu
1361 2564 1553 2602 praeterea
1571 2568 1651 2602 epp.
1673 2558 1728 2597 24,

102 2620 167 2655 213
197 2620 252 2659 33,
280 2621 320 2656 9;
358 2622 510 2664 quaesll.
537 2622 625 2651 nate.
653 2620 684 2658 2,
712 2619 744 2661 9,
772 2619 813 2652 2:
851 2616 1039 2652 dicendum
1075 2622 1189 2651 [maen
1223 2622 1274 2651 esc
1305 2627 1375 2651 non
1402 2615 1547 2650 mullum
1577 2615 1728 2659 differre

100 2687 179 2722 epp.
200 2679 255 2720 88,
277 2680 317 2711 18
346 2682 469 2709 ceteros
495 2677 713 2718 uoluptatibus
739 2677 856 2708 nostris
882 2678 1011 2718 ingenia
1039 2676 1332 2708 adcommodantes
1359 2686 1415 2707 sua
1441 2679 1474 2709 el
1500 2686 1580 2720 epp.
1606 2676 1677 2716 113,
1707 2676 1725 2706 3

99 2737 125 2767 si
151 2737 232 2767 mihi
258 2736 564 2768 adcommodaueris
590 2736 799 2767 subtilitatem
827 2739 857 2767 et
879 2736 1090 2767 intentionem
1117 2738 1203 2766 tuam
1307 2733 1328 2767 ὅ
1353 2734 1526 2776 epistolam
1554 2734 1586 2776 (ο
1615 2732 1725 2775 corr.)

204 2795 245 2829 3
273 2796 375 2827 rarior
401 2792 620 2828 Pincianus:
649 2795 755 2825 maior
860 2793 903 2827 ’14
931 2794 972 2828 G.
1000 2794 1100 2825 Cesar
1204 2792 1241 2826 lT
1267 2794 1392 2834 partib3
1422 2793 1490 2835 (ὡς
1520 2793 1629 2834 corr.)

100 2854 279 2885 combussit
374 2852 418 2886 ‘25
446 2858 490 2886 ηδ
518 2853 554 2895 (ὁ
581 2853 615 2886 in
643 2852 731 2894 ras.)
831 2853 933 2884 uultus

1750 881 1779 907 10

1752 1233 1779 1258 15

1747 1584 1780 1610 ‘20
