1977 3231
116 1704 135 1736 (ό

465 117 568 144 DlAL.
585 117 651 144 xil.
692 118 744 142 AD
766 118 966 143 POLx'sslVM
988 117 1040 143 DE
1060 117 1381 146 CONSOLATIONE.
1419 122 1444 146 (ἰ.
1467 121 1491 147 ἵ.
1702 124 1783 162 277

170 214 430 261 describunt,
473 213 643 266 quibus,
686 228 779 254 cum
819 214 983 254 fortuna
1015 220 1085 254 tua
1117 228 1222 267 opus
1254 229 1337 254 non
1369 216 1441 264 sit,
1484 217 1647 269 ingenio
1681 230 1786 269 opus

168 291 243 333 est,
276 286 471 324 custodes
504 285 627 324 animi
659 284 714 324 tui
748 291 853 324 sunt.
915 284 1013 324 nihil
1045 298 1242 337 umquam
1267 286 1405 338 itaque
1426 294 1548 340 potes
1571 288 1784 340 indignum

167 355 301 395 facere
329 354 499 407 perfecti
530 362 569 395 et
593 355 738 394 eruditi
762 355 830 394 uiri
854 355 1121 408 professione,
1155 362 1198 395 ut
1222 370 1303 395 non
1329 357 1482 397 multos
1504 358 1784 398 admirationis

168 427 221 465 de
243 432 284 465 te
306 439 404 465 suae
426 427 645 478 paeniteat.
697 439 779 464 non
802 425 895 464 licet
918 425 990 464 tibi
1015 425 1111 465 flere
1133 427 1364 467 inmodice:
1401 441 1476 467 nec
1499 429 1580 468 hoc
1602 434 1781 469 tantum-

167 495 297 535 modo
329 510 413 535 non
445 496 549 543 licet,
583 510 634 535 ne
665 509 876 554 somnum
893 497 1061 547 quidem
1092 498 1320 537 extendere
1343 498 1381 536 in
1404 505 1566 550 partem
1590 500 1668 539 diei
1692 500 1785 540 licet
1805 510 1820 532 5

165 574 236 607 aut
278 581 301 606 a
343 566 521 606 tumultu
561 580 695 606 rerum
729 568 768 606 in
801 567 930 606 otium
964 567 1064 606 ruris
1097 567 1221 618 quieti
1255 568 1479 620 confugere
1511 576 1580 609 aut
1613 571 1785 610 adsidua

165 638 360 677 laboriosi
392 637 513 677 officii
545 637 723 677 statione
756 636 975 688 fatigatum
1009 650 1160 690 corpus
1193 637 1421 690 uoluptaria
1453 641 1784 692 peregrinatione

164 723 349 749 recreare
391 714 462 748 aut
494 707 827 760 spectaculorum
861 708 1060 747 uarietate
1091 709 1274 748 animum
1308 710 1491 749 detinere
1523 718 1592 750 aut
1625 725 1679 751 ex
1710 718 1784 752 tuo

164 779 332 819 arbitrio
367 780 477 818 diem
513 779 744 831 disponere.
809 779 902 828 [26]
944 778 1074 818 multa
1105 779 1178 818 tibi
1211 793 1294 818 non
1326 779 1468 828 licent,
1501 795 1607 832 quae
1638 782 1782 822 humil-

163 850 268 889 limis
310 856 352 889 et
394 849 432 888 in
475 848 629 900 angulo
672 849 898 888 iacentibus
940 848 1076 891 licent.
1139 863 1291 901 magna
1331 851 1504 891 seruitus
1537 858 1599 890 est
1633 866 1785 905 magna

163 920 339 959 fortuna.
401 933 485 959 non
527 919 621 959 licet
664 919 738 959 tibi
781 920 1001 971 quicquam
1045 919 1213 959 arbitrio
1256 926 1331 959 tuo
1374 919 1533 962 facere:
1579 923 1784 963 audienda

162 997 257 1030 sunt
296 997 359 1031 tot
391 990 607 1029 hominum
641 989 769 1037 milia,
810 996 873 1029 tot
908 991 1156 1042 disponendi
1187 990 1321 1030 libelli.
1386 998 1526 1031 tantus
1560 1006 1695 1032 rerum
1730 1008 1783 1034 ex

163 1062 264 1100 orbe
297 1067 390 1101 toto
413 1062 652 1101 coeuntium
677 1067 901 1113 congestus
925 1067 968 1100 ut
990 1063 1121 1114 possit
1143 1075 1217 1114 per
1240 1063 1428 1102 ordinem
1452 1064 1571 1103 suum
1594 1065 1783 1118 principis

163 1133 335 1172 maximi
375 1133 513 1171 animo
546 1132 694 1180 subici,
740 1133 959 1184 erigendus
991 1133 1078 1184 ipse
1111 1147 1164 1172 es.
1228 1147 1311 1172 non
1343 1133 1436 1174 licet
1469 1134 1562 1182 tibi,
1604 1136 1783 1188 inquam,

112 1213 116 1216 ’
163 1203 281 1250 fiere,
333 1209 377 1242 ut
420 1202 573 1241 multos
616 1202 762 1242 flentes
804 1203 944 1242 audire
986 1205 1129 1255 possis.
1204 1209 1247 1243 ut
1289 1204 1603 1255 periclitantium
1647 1211 1687 1244 et
1729 1207 1783 1245 ad

163 1274 487 1312 misericordiam
540 1273 742 1312 mitissimi
787 1272 972 1313 Caesaris
1024 1274 1239 1325 peruenire
1290 1275 1541 1327 cupientium
1591 1275 1783 1316 lacrimae

161 1345 333 1398 possint,
366 1343 440 1383 tibi
471 1349 569 1383 tuae
601 1344 874 1383 adsiccandae
907 1350 1011 1383 sunt.
1116 1398 1120 1402 ι

280 1414 370 1454 VH.
414 1413 531 1454 Haec
574 1420 716 1454 tamen
750 1415 986 1454 etiamnunc
1017 1414 1240 1454 lenioribus
1274 1416 1466 1455 remediis
1498 1417 1774 1456 adiuuabunt:

162 1499 256 1525 cum
289 1484 404 1525 uoles
437 1487 623 1525 omnium
656 1499 793 1525 rerum
826 1485 1023 1534 obliuisci,
1058 1484 1279 1526 Caesarem
1313 1487 1461 1538 cogita.
1516 1488 1619 1535 uide,
1654 1502 1777 1540 quan-

162 1563 247 1596 tam
288 1556 406 1604 huius
439 1557 477 1595 in
510 1562 552 1596 te
584 1556 865 1609 indulgentiae
897 1556 1045 1604 fidem,
1089 1562 1287 1608 quantam
1320 1558 1563 1597 industriam
1598 1558 1778 1598 debeas:

161 1627 376 1679 intelleges
418 1641 502 1666 non
535 1627 667 1679 magis
700 1627 773 1667 tibi
805 1628 1005 1666 incuruari
1038 1627 1160 1667 licere
1192 1642 1316 1679 quam
1350 1627 1423 1675 illi,
1465 1629 1497 1667 si
1530 1629 1619 1680 quis
1652 1630 1783 1668 modo

163 1704 225 1737 est
257 1697 403 1737 fabulis
435 1698 621 1745 traditus,
653 1698 765 1737 cuius
798 1699 948 1737 umeris
982 1699 1161 1737 mundus
1194 1698 1384 1738 innititur.
1428 1697 1593 1738 Caesari
1615 1713 1784 1751 quoque

158 1769 244 1822 ipsi,
279 1769 344 1807 cui
373 1769 512 1808 omnia
535 1768 668 1816 licent,
695 1775 869 1821 propter
890 1768 971 1808 hoc
994 1769 1127 1821 ipsum
1152 1769 1282 1809 multa
1305 1783 1389 1808 non
1411 1769 1558 1808 licent:
1596 1770 1782 1809 omnium

159 1852 332 1878 somnos
364 1838 467 1878 illius
500 1838 636 1891 uigilia
669 1839 875 1887 defendit,
909 1840 1095 1878 omnium
1129 1842 1260 1879 otium
1294 1839 1395 1879 illius
1427 1839 1563 1887 labor,
1597 1841 1779 1879 omnium

1807 860 1837 885 10

1807 1218 1835 1243 15

1803 1571 1837 1595 20

159 1909 326 1948 delicias
367 1909 468 1948 illius
510 1909 728 1958 industria,
774 1910 960 1949 omnium
1005 1911 1265 1949 uacationem
1300 1910 1402 1949 illius
1434 1911 1664 1962 occupatio.
1728 1924 1782 1950 ex
1803 1924 1834 1948 πε,

161 1994 245 2031 quo
289 1993 334 2019 se
367 1978 520 2019 Caesar
560 1980 649 2019 orbi
688 1987 888 2020 terrarum
923 1981 1154 2028 dedicauit,
1198 1980 1274 2020 sibi
1307 1980 1464 2032 eripuit.
1527 1987 1568 2020 et
1600 1981 1780 2020 siderum

161 2049 312 2099 modo,
355 2064 463 2101 quae
504 2051 732 2102 inrequieta
769 2064 935 2102 semper
976 2065 1116 2091 cursus
1149 2065 1247 2091 suos
1280 2051 1512 2104 explicant,
1554 2065 1781 2103 numquam
1821 2054 1830 2063 ⁶

280 2191 294 2223 l
325 2192 515 2222 consortuna
541 2196 593 2221 tuo
613 2189 646 2224 B
766 2192 786 2224 ζ)
814 2192 920 2233 itaque
938 2190 1082 2236 Lipsius
1101 2193 1143 2222 ita
1166 2190 1270 2225 BDE'
1386 2194 1404 2223 :3
1432 2193 1564 2234 perfecti
1589 2190 1783 2225 Pincianus

159 2249 294 2290 profecti
326 2247 428 2283 BDE'
569 2249 586 2281 —i
623 2250 664 2281 de
689 2254 719 2281 te
744 2261 819 2281 suae
847 2249 879 2283 B
905 2251 944 2281 de
970 2262 1003 2282 se
1028 2262 1103 2281 suae
1134 2249 1200 2283 DE
1341 2250 1360 2283 5
1394 2262 1457 2282 non
1483 2251 1567 2288 licet,
1595 2262 1634 2282 ne
1664 2250 1784 2284 Haase

160 2318 224 2338 non
251 2308 324 2339 licet
350 2319 409 2339 nee
438 2307 469 2341 B
495 2319 556 2339 non
584 2309 658 2340 licet
684 2305 827 2340 tibi‘nec
856 2307 924 2342 DE
1065 2320 1236 2350 sompnum
1264 2311 1294 2340 in
1320 2313 1444 2351 partem
1473 2308 1506 2343 B
1641 2308 1660 2342 6
1687 2310 1782 2351 quieti

158 2365 303 2410 Lipsius
335 2368 449 2408 quietis
478 2365 582 2400 BDE
722 2367 741 2401 7
777 2369 957 2409 uoluptaria
985 2367 1090 2402 BDE
1111 2369 1289 2400 uoluntaria
1318 2367 1463 2402 Fickert
1607 2368 1628 2402 8
1667 2380 1702 2400 ex
1730 2374 1782 2400 tuo

160 2426 293 2457 arbitrio
313 2424 346 2458 B
366 2424 477 2470 Ncap.
504 2431 558 2457 tuo
586 2427 720 2459 arbitrio
741 2425 809 2460 DE
930 2428 970 2460 10
991 2428 1131 2468 flagi-llo
1151 2426 1180 2460 Β
1207 2429 1237 2458 in
1257 2428 1376 2469 angulo
1396 2426 1462 2461 DE
1582 2428 1621 2461 *12
1649 2440 1685 2459 cx
1704 2428 1782 2458 orbi„¹

160 2488 229 2515 toto
259 2483 290 2518 B
316 2495 353 2515 ex
380 2489 447 2515 toto
475 2486 554 2517 orbe
579 2484 650 2519 DE
775 2485 806 2518 14'
837 2487 949 2517 subicit
973 2485 1003 2519 B
1124 2487 1292 2528 erigendus
1312 2487 1379 2527 ipse
1397 2498 1429 2517 es
1448 2485 1591 2530 Lipsius
1609 2487 1782 2527 exigendus

161 2544 186 2574 is
212 2549 258 2574 est
285 2542 318 2576 B
344 2545 514 2585 erigendus
540 2545 565 2575 is
592 2549 637 2576 est
656 2543 726 2578 DE
851 2546 886 2579 16
913 2546 1067 2576 lacrimae
1094 2547 1215 2587 possint
1234 2544 1441 2589 DEHaupc
1459 2546 1613 2576 lacrimae
1635 2545 1665 2578 Β

168 2602 204 2634 lo*
239 2602 413 2634 lenioribus
447 2604 596 2635 remediis
627 2602 657 2637 Β
690 2604 863 2635 leuioribus
895 2609 926 2635 te
958 2605 1108 2635 remediis
1134 2602 1205 2638 ΒΕ
1234 2609 1264 2635 te
1297 2605 1471 2635 leuioribus
1498 2605 1646 2635 remedii<
1675 2603 1780 2637 (r'c’rlz

279 2660 323 2694 ‘20
350 2662 414 2693 inte
436 2661 466 2695 Β
492 2663 554 2694 uite
574 2661 642 2696 DE
759 2664 802 2696 ‘22'
830 2662 1012 2697 traditusB
1039 2663 1171 2693 traditus
1199 2663 1289 2693 fauor
1309 2661 1377 2696 DE
1495 2664 1612 2693 inititur
1633 2661 1664 2695 Β

161 2718 201 2752 21
237 2730 368 2751 somnos
397 2719 575 2766 Spalding]
603 2722 720 2753 domos
751 2721 853 2755 ΒΗΚ
970 2722 1014 2755 25>
1048 2723 1268 2753 euocationem
1301 2721 1330 2755 Β
1457 2723 1500 2755 ⁴313
1535 2733 1568 2752 se
1593 2732 1683 2752 cesar
1709 2722 1780 2751 orbi

162 2776 194 2810 B
219 2789 309 2809 cesar
335 2790 367 2810 se
393 2781 464 2810 orbi
492 2779 525 2813 D
550 2791 640 2812 cesar
665 2782 737 2812 orbi
765 2780 799 2814 Ε
955 2781 1128 2813 declinauit
1157 2779 1189 2814 B
1332 2781 1392 2810 sibi
1420 2782 1532 2821 eripuit
1563 2779 1631 2813 BE
1661 2791 1694 2810 se
1720 2781 1780 2810 sibi

161 2838 274 2878 eripuit
302 2835 334 2870 D
453 2837 497 2871 ⁴27
525 2850 614 2870 more
643 2837 673 2872 D
