1977 3231
372 147 476 174 DIAL.
496 147 548 173 XI.
590 147 643 172 AD
664 146 842 172 HELVIAM
869 146 1038 172 MATREM
1060 147 1112 171 DE
1134 146 1452 173 CONSOLATIONE.
1494 149 1517 174 ἶ.
1681 151 1762 191 253

137 243 257 290 sisse,
301 256 384 294 quo
427 243 613 295 genitum
656 248 729 282 est.
801 243 998 282 adsiduus
1041 243 1200 293 generis
1242 242 1410 283 humani
1452 244 1657 283 discursus
1690 251 1763 285 est.

138 314 290 370 cotidie
322 313 475 364 aliquid
508 314 546 352 in
578 319 666 352 tarn
701 327 856 365 magno
889 313 992 352 orbe
1026 319 1219 353 mutatur.
1282 327 1392 353 noua
1425 314 1586 354 urbium
1620 315 1760 354 funda-

137 389 278 422 menta
320 384 528 423 iaciuntur.
591 397 701 423 noua
743 384 927 434 gentium
961 384 1129 422 nomina
1162 384 1356 423 extinctis
1388 384 1592 436 prioribus
1624 392 1693 425 aut
1726 387 1763 424 in

136 455 416 493 accessionem
459 453 667 493 ualidioris
699 454 907 493 conuersis
948 454 1142 493 oriuntur.
1206 468 1353 494 omnes
1385 462 1524 494 autem
1558 457 1658 495 istae
1690 470 1763 508 po-

135 524 329 576 pulorum
382 526 755 577 transportationes
808 525 907 576 quid
956 524 1065 563 aliud
1107 538 1231 576 quam
1273 525 1438 577 publica
1481 526 1601 566 exilia
1643 529 1763 566 sunt?
1803 538 1818 561 ὃ

89 606 109 638 (j
127 584 234 646 ’quid
256 600 299 633 te
321 601 407 634 tam
431 594 559 646 longo
591 595 758 634 circuitu
790 594 938 634 traho?
981 595 1079 645 quid
1112 595 1281 634 interest
1309 609 1550 636 enumerare
1573 596 1764 637 Anteno-

136 677 224 704 rem
258 665 400 704 Pataui
436 666 698 704 conditorem
732 670 774 703 et
806 665 1049 704 Euandrum
1083 665 1120 703 in
1153 665 1239 717 ripa
1272 666 1434 705 Tiberis
1466 681 1594 719 regna
1632 667 1763 707 Arca-

138 736 237 774 dum
272 735 590 774 conlocantem?
633 735 731 787 quid
765 735 1003 773 Diomeden
1037 734 1238 787 aliosque,
1281 750 1385 787 quos
1419 737 1645 776 Troianum
1679 738 1764 777 bel-

88 819 107 853 ’ῑ
136 806 220 845 lum
245 807 375 846 uictos
398 805 517 845 simul
542 806 802 857 uictoresque
825 819 899 857 per
921 805 1073 844 alienas
1095 812 1225 845 terras
1254 807 1493 859 dissipauit?
1526 808 1765 848 Romanum

132 878 350 929 imperium
383 889 535 928 nempe
568 883 781 916 auctorem
815 875 983 915 exulem
1017 877 1189 928 respicit.
1242 891 1366 930 quem
1398 878 1621 930 profugum
1645 885 1767 932 capta
1790 888 1818 912 ¹0

135 948 278 999 patria,
312 948 483 998 exiguas
516 946 707 998 reliquias
739 946 975 986 trahentem
1009 948 1233 986 necessitas
1267 955 1307 987 et
1331 949 1496 988 uictoris
1520 956 1655 988 metus
1678 950 1765 989 lon-

134 1019 287 1069 ginqua
329 1024 597 1070 quaerentem
641 1018 679 1055 in
722 1016 881 1056 Italiam
929 1017 1085 1057 detulit.
1148 1018 1213 1057 hic
1257 1019 1407 1058 deinde
1445 1020 1622 1071 populus
1664 1028 1768 1072 quot

134 1088 316 1128 colonias
351 1089 394 1126 in
426 1101 597 1127 omnem
630 1088 886 1140 prouinciam
929 1088 1066 1127 misit?
1110 1088 1359 1141 ubicumque
1401 1090 1506 1138 uicit,
1550 1091 1768 1130 Romanus

134 1158 304 1198 habitat.
358 1160 411 1198 ad
443 1159 549 1197 hanc
582 1159 957 1198 commutationem
991 1158 1179 1198 locorum
1212 1159 1387 1199 libentes
1420 1161 1588 1200 nomina
1611 1162 1768 1200 dabant

87 1238 108 1271 S
135 1235 176 1268 et
220 1229 367 1269 relictis
406 1230 485 1268 aris
523 1230 604 1268 suis
637 1235 749 1268 trans
783 1229 911 1268 maria
943 1229 1195 1280 sequebatur
1227 1230 1400 1270 colonos
1433 1231 1641 1271 uexillum.
1704 1245 1768 1271 res
1793 1247 1821 1271 ιε)

133 1301 303 1352 quidem
346 1313 430 1338 non
463 1300 673 1339 desiderat
705 1299 882 1352 plurium
918 1300 1286 1341 enumerationem.
1350 1315 1476 1340 unum
1509 1307 1650 1341 tamen
1683 1303 1766 1342 adi-

134 1371 251 1418 ciam,
283 1371 398 1423 quod
430 1370 469 1409 in
492 1370 635 1410 oculos
667 1384 710 1410 se
743 1371 898 1422 ingerit
952 1370 1055 1410 haec
1086 1372 1174 1423 ipsa
1206 1371 1335 1410 insula
1366 1386 1492 1425 saepe
1524 1374 1604 1412 iam
1638 1373 1766 1413 culto-

134 1455 198 1481 res
231 1442 417 1481 mutauit.
472 1448 517 1481 ut
550 1441 794 1494 antiquiora,
827 1455 934 1493 quae
966 1448 1150 1481 uetustas
1183 1442 1374 1490 obduxit,
1406 1449 1626 1491 transeam,
1660 1444 1766 1483 Pho-

134 1512 225 1552 cide
258 1512 396 1551 relicta
429 1511 548 1560 Grai,
580 1513 649 1564 qui
683 1526 790 1551 nunc
825 1512 1050 1551 Massiliam
1084 1513 1277 1560 incolunt,
1312 1514 1423 1565 prius
1456 1516 1497 1553 in
1530 1514 1608 1554 hac
1640 1515 1769 1554 insula

136 1584 432 1630 consederunt,
474 1596 528 1622 ex
561 1596 642 1635 qua
674 1583 772 1635 quid
806 1596 879 1622 eos
912 1582 1126 1635 fugauerit,
1158 1584 1359 1623 incertum
1393 1591 1466 1633 est,
1499 1591 1636 1624 utrum
1670 1585 1770 1624 caeli
1790 1596 1822 1622 ‘20

137 1654 318 1704 grauitas
360 1667 411 1692 an
460 1654 745 1706 praepotentis
789 1653 928 1693 Italiae
971 1661 1217 1706 conspectus
1260 1668 1312 1694 an
1352 1661 1499 1694 natura
1541 1656 1770 1708 inportuosi

137 1724 286 1763 maris:
333 1737 430 1763 nam
472 1724 512 1762 in
555 1737 678 1763 causa
719 1738 801 1763 non
835 1723 956 1763 fuisse
996 1724 1201 1763 feritatem
1234 1725 1470 1765 accolarum
1503 1740 1554 1765 eo
1586 1733 1770 1780 apparet,

136 1795 251 1846 quod
294 1795 480 1833 maxime
512 1800 609 1833 tunc
641 1794 822 1833 trucibus
855 1800 896 1834 et
929 1795 1152 1834 inconditis
1185 1795 1343 1835 Galliae
1375 1796 1538 1849 populis
1571 1811 1615 1836 se
1647 1798 1767 1836 inter-

91 1873 111 1908 9
137 1871 376 1917 posuerunt.
437 1867 685 1904 transierunt
717 1866 869 1904 deinde
901 1865 1075 1917 Ligures
1108 1868 1146 1905 in
1179 1862 1283 1915 eam,
1322 1868 1569 1907 transierunt
1601 1874 1642 1907 et
1675 1868 1769 1907 His-

137 1937 254 1987 pani,
297 1936 412 1987 quod
455 1950 509 1975 ex
554 1936 818 1975 similitudine
850 1937 950 1975 ritus
983 1944 1183 1989 apparet:
1230 1939 1380 1978 eadem
1413 1940 1520 1978 enim
1554 1945 1771 1991 tegmenta
1790 1950 1823 1974 25

138 2007 320 2058 capitum
352 2007 547 2058 idemque
580 2020 710 2058 genus
743 2007 1022 2055 calciamenti,
1054 2009 1169 2059 quod
1203 2008 1421 2049 Cantabris
1454 2016 1536 2057 est,
1570 2016 1610 2049 et
1643 2010 1770 2049 uerba

138 2078 358 2129 quaedam.
411 2090 507 2116 nam
540 2083 653 2116 totus
687 2090 826 2117 sermo
859 2079 1175 2118 conuersatione
1208 2079 1464 2120 Graecorum
1489 2080 1770 2133 Ligurumque

139 2161 163 2187 a
193 2148 328 2200 patrio
363 2148 546 2187 desciuit.
608 2148 816 2187 deductae
849 2149 1002 2188 deinde
1034 2155 1128 2188 sunt
1160 2151 1266 2189 duae
1298 2151 1446 2189 ciuium
1479 2151 1768 2190 Romanorum

140 2217 346 2265 coloniae,
389 2218 517 2257 altera
559 2231 583 2257 a
625 2217 781 2267 Mario,
823 2219 953 2259 altera
990 2233 1014 2258 a
1056 2219 1197 2260 Sulla:
1242 2221 1394 2260 totiens
1436 2221 1555 2261 huius
1597 2222 1696 2261 aridi
1729 2228 1769 2261 et

76 2298 114 2330 1⁴)
140 2289 295 2340 spinosi
342 2289 432 2327 saxi
475 2294 658 2328 mutatus
700 2295 763 2329 est
806 2289 996 2342 populus.
1070 2291 1139 2329 uix
1192 2291 1370 2343 denique
1421 2292 1602 2332 inuenies
1645 2292 1768 2332 ullam
1790 2304 1822 2326 2³⁰

139 2364 305 2407 terram,
337 2373 462 2411 quam
496 2361 732 2398 etiamnunc
765 2361 984 2412 indigenae
1016 2360 1164 2400 colant.
1226 2363 1437 2413 permixta
1467 2363 1607 2402 omnia
1639 2369 1680 2402 et
1711 2365 1767 2402 in-

141 2429 270 2469 siticia
311 2435 417 2470 sunt.
479 2430 580 2469 alius
621 2430 687 2469 alii
725 2432 931 2471 successit.
992 2431 1057 2471 hic
1097 2432 1342 2485 concupiuit,
1374 2432 1487 2485 quod
1519 2432 1571 2472 illi
1604 2432 1769 2473 fastidio

231 2600 248 2616 1]

146 2627 165 2659 ι’)
193 2632 257 2658 tras
275 2630 474 2669 pomationes
595 2630 681 2661 aliud
709 2631 744 2672 (d
763 2632 872 2671 corr.)
995 2631 1125 2672 puplica
1246 2631 1265 2664 6
1293 2632 1430 2664 οἰτοῖιίῒυ
1557 2632 1587 2665 11
1620 2633 1768 2674 reliquias

144 2687 292 2719 trahente
319 2687 367 2728 (as
394 2692 420 2718 tr
446 2688 479 2720 in
507 2690 596 2729 ras.)
739 2689 778 2721 14
807 2690 964 2720 habitat*
1105 2689 1144 2722 lb
1180 2690 1329 2721 uexillum
1358 2688 1527 2734 Madw'y:
1557 2702 1650 2722 senex

148 2779 187 2812 19
215 2781 297 2821 graii
325 2780 359 2823 (ii
385 2780 420 2814 in
447 2785 535 2823 ras.)
657 2782 700 2815 ‘25
728 2755 962 2815 eiiimilitudine
984 2784 1012 2826 (s
1031 2794 1073 2816 7η.
1086 2794 1146 2828 pr.
1166 2787 1204 2816 ul
1220 2782 1379 2825 uidetur)
1500 2784 1544 2817 29
1571 2785 1651 2826 sylla

145 2861 186 2894 :³1
217 2863 354 2894 insiticia
382 2869 449 2894 sunt
470 2861 667 2903 Pincianus:
692 2863 833 2908 (ins-ilina
859 2870 928 2896 sunt
950 2864 1092 2908 Ge7·lz):
1123 2866 1263 2896 instituta
1289 2872 1357 2897 suut
1479 2867 1522 2899 32
1550 2851 1601 2897 ali¹
