1982 3267
327 676 728 740 PRAEFATIO
775 676 1128 741 IOHANNIS
1175 678 1523 741 VAHLENI.

228 853 478 912 Hermanno
512 873 675 912 Adolfo
708 873 886 921 Kochio,
919 874 1156 926 professore
1189 877 1403 927 quondam
1428 876 1627 924 Portensi,
1660 878 1734 916 im-

109 956 271 990 matura
312 956 449 989 morte
490 950 599 989 vitae
631 956 672 989 et
704 951 786 990 suis
819 956 945 1002 atque
977 951 1038 990 his
1071 950 1214 991 litteris
1249 959 1405 1004 erepto,
1439 966 1515 1004 pro
1549 966 1597 992 ea
1629 967 1736 1005 quae

108 1026 205 1066 mihi
238 1040 332 1066 cum
366 1040 416 1065 eo
460 1027 556 1065 inde
587 1026 640 1065 ab
673 1026 873 1066 sodalicio
906 1027 1115 1066 Bonnensi
1148 1028 1446 1068 intercesserat·
1476 1030 1669 1076 amicitia,
1713 1043 1736 1068 a

108 1117 176 1143 me
217 1104 393 1155 petitum
432 1111 516 1151 est,
559 1111 604 1143 ut
636 1103 743 1143 hanc
775 1103 962 1143 Senecae
994 1105 1221 1143 editionem
1254 1111 1450 1157 coeptam
1484 1105 1536 1161 ab
1569 1108 1660 1157 ipso
1694 1112 1735 1145 et

106 1180 187 1219 iam
231 1179 365 1232 aliqua
402 1186 523 1220 tenus
565 1186 810 1232 provectam
853 1180 1156 1220 absolvendam
1201 1195 1398 1220 curarem.
1470 1181 1609 1234 Quam
1654 1196 1734 1234 ego

106 1257 397 1295 condicionem
426 1257 578 1308 accepi,
610 1258 666 1296 ita
688 1263 812 1303 ratus,
845 1258 883 1296 in
906 1271 1034 1309 opere
1057 1258 1237 1296 auctoris
1261 1271 1386 1296 manu
1408 1258 1594 1310 perfecto
1617 1272 1732 1310 prae-

105 1333 194 1372 sidii
237 1334 437 1385 quiddam
477 1334 618 1385 quaeri
660 1334 775 1386 quod
818 1334 1138 1385 typothetarum
1182 1333 1370 1373 laborem
1414 1342 1579 1386 regeret
1618 1335 1733 1374 char-

105 1415 253 1461 tasque
285 1423 309 1448 a
340 1409 580 1461 vulgaribus
622 1423 844 1462 operarum
884 1410 1066 1461 peccatis
1099 1411 1339 1450 vindicaret.
1403 1411 1548 1462 Itaque
1580 1412 1635 1450 ad
1668 1425 1736 1450 me

105 1485 254 1524 allatae
285 1491 381 1524 sunt
412 1499 493 1524 una
525 1499 618 1524 cum
642 1484 828 1525 Senecae
850 1486 1050 1538 exemplo
1073 1486 1285 1525 Haasiano
1308 1500 1332 1525 a
1354 1487 1522 1526 Kochio
1545 1495 1734 1527 correcto

106 1568 147 1600 et
189 1561 530 1601 adnotationibus
573 1563 719 1601 criticis
761 1563 886 1614 ipsius
929 1576 1054 1601 manu
1097 1564 1278 1602 exaratis
1317 1570 1513 1615 quattuor
1544 1564 1736 1616 plagulae

107 1639 219 1689 typis
251 1639 332 1677 iam
366 1640 599 1692 descriptae
631 1645 673 1678 et
705 1639 758 1678 ab
792 1640 952 1678 editore
984 1640 1223 1691 recognitae
1256 1641 1331 1678 sed
1364 1653 1472 1691 quae
1493 1640 1610 1692 prelo
1633 1653 1735 1679 non-

107 1715 205 1753 dum
230 1713 451 1754 defunctae
473 1721 600 1755 erant.
664 1715 781 1767 Quas
804 1717 903 1755 dum
926 1729 1134 1768 percurro,
1157 1717 1298 1755 statim
1321 1716 1498 1768 percepi,
1522 1716 1736 1755 hominem

106 1791 401 1830 moribundum
443 1790 701 1831 festinavisse
743 1798 785 1831 et
827 1793 954 1844 quasi·
981 1799 1250 1844 praevertere
1292 1798 1473 1832 mortem
1515 1792 1737 1832 inevitabili

104 1866 191 1907 fato
234 1867 534 1907 accelerantem
578 1866 777 1916 voluisse,
822 1874 866 1907 ut
907 1868 989 1907 hoc
1030 1868 1178 1908 saltem
1223 1882 1327 1920 opus
1372 1875 1611 1908 extremum
1650 1869 1737 1921 ipse

106 1945 223 1982 vivus
255 1945 483 1996 vidensque
515 1945 569 1983 ad
601 1945 841 1983 umbilicum
875 1945 1142 1997 perduceret:
1179 1951 1244 1984 tot
1277 1945 1384 1984 enim
1419 1953 1459 1984 et
1482 1951 1599 1985 tanta
1621 1953 1737 1985 erant

104 2019 143 2058 in
176 2019 237 2059 his
269 2020 447 2072 plagulis
479 2020 629 2068 relicta,
662 2034 769 2073 quae
801 2022 858 2060 sic
879 2021 1049 2072 quidem
1083 2022 1434 2060 committendum
1458 2036 1539 2059 non
1572 2028 1660 2061 erat
1693 2028 1736 2061 ut

105 2097 437 2150 exprimerentur
478 2110 526 2135 ac
569 2097 899 2149 divulgarentur:
947 2099 1021 2136 sed
1065 2099 1180 2149 quod
1214 2099 1378 2149 gravius
1412 2106 1519 2145 erat,
1564 2099 1734 2137 omnino

93 2187 276 2212 omnem
319 2175 638 2213 adnotationem
681 2175 863 2213 criticam
906 2180 993 2213 tam
1027 2175 1064 2213 in
1099 2174 1176 2213 hac
1208 2180 1326 2227 parte
1359 2188 1485 2227 quam
1518 2175 1557 2213 in
1591 2176 1736 2214 ceteris

105 2250 161 2289 ita
193 2250 442 2289 adornatam
475 2251 579 2297 vidi,
622 2257 665 2289 ut
697 2251 818 2289 valde
851 2252 982 2290 vereri
1014 2251 1261 2302 inciperem,
1296 2265 1348 2290 ne
1380 2252 1601 2291 immutata
1632 2251 1735 2290 haec

105 2339 233 2378 opera
276 2327 314 2364 in
358 2325 571 2378 publicum
614 2327 786 2374 emissa,
828 2328 867 2366 in
905 2333 1024 2366 tanto
1057 2327 1245 2366 adhibito
1278 2328 1417 2367 studio
1451 2333 1492 2366 et
1524 2328 1734 2374 industria,

104 2415 186 2440 non
229 2416 373 2454 parem
417 2409 526 2441 esset
570 2403 788 2442 utilitatem
831 2403 1033 2444 habitura.
1096 2404 1198 2442 Erat
1241 2405 1349 2443 enim
1384 2404 1571 2443 Kochius
1603 2404 1734 2443 homo

104 2478 285 2517 eruditus
328 2479 392 2518 ille
434 2480 605 2531 quidem
647 2486 689 2518 et
732 2488 876 2519 acutus
919 2480 994 2519 sed
1037 2493 1182 2533 parum
1216 2481 1269 2519 ad
1303 2481 1514 2519 edendum
1547 2486 1732 2519 veterem

103 2557 349 2607 scriptorem
392 2555 522 2595 sactus
565 2565 606 2595 et
649 2557 717 2608 qui
760 2557 800 2596 id
844 2571 927 2596 non
969 2557 1066 2595 satis
1101 2556 1358 2609 experiendo
1393 2557 1601 2595 didicisset
1634 2557 1732 2608 quid

103 2633 313 2683 agendum
346 2639 387 2671 et
419 2634 653 2671 cavendum
688 2639 798 2672 esset
831 2634 996 2680 editori,
1029 2639 1074 2671 ut
1105 2634 1290 2672 subsidia
1322 2638 1489 2672 textum
1522 2633 1733 2686 scriptoris

103 2709 358 2756 comitantia,
390 2722 474 2747 non
508 2709 619 2748 mole
651 2709 779 2748 inutili
812 2724 1025 2763 oppressa,
1058 2716 1200 2749 tamen
1233 2710 1271 2748 in
1304 2710 1500 2748 taxandis
1534 2709 1730 2748 librorum

102 2785 346 2824 testimoniis
369 2791 439 2824 aut
462 2786 500 2823 in
523 2786 693 2825 editoris
716 2786 942 2825 rationibus
965 2787 1269 2838 cognoscendis
1293 2798 1496 2837 nusquam
1521 2785 1729 2837 legentem

103 2860 396 2901 destituerent:
432 2862 500 2914 qui
533 2862 598 2900 vel
630 2863 667 2901 in
701 2862 957 2902 conferendo
987 2862 1172 2902 Senecae
1206 2861 1469 2913 dialogorum
1499 2861 1730 2913 exemplari

1400 2935 1447 2962 a—==
