2008 3221
283 79 365 118 218
482 75 585 101 DIAL.
608 73 659 101 IX.
676 91 680 95 -
700 74 753 99 AD
775 73 962 99 SERENVM
984 73 1036 99 DE
1055 73 1408 106 TRANQVILLITATE
1428 74 1557 101 ANIMI.
1599 76 1638 101 16.
1664 76 1704 102 17.

281 173 360 211 iam
384 171 536 223 aliquid
559 170 725 210 fortuna
747 175 901 222 posset.
934 170 1261 211 subducentibus
1283 184 1384 210 uero
1406 185 1451 210 se
1474 177 1516 211 et
1537 171 1577 210 in
1600 171 1687 224 ipsa
1701 176 1837 210 morte
1852 171 1906 210 ad

280 243 408 281 uitam
442 241 772 293 respectantibus
794 254 941 280 manus
963 241 1193 280 iniciendae
1214 248 1319 283 sunt.
1371 242 1581 281 neminem
1605 241 1716 281 flebo
1739 240 1906 290 laetum,

280 313 489 352 neminem
519 311 714 350 flentem:
757 311 821 350 ille
850 310 1039 351 lacrimas
1062 325 1178 351 meas
1201 312 1287 365 ipse
1309 312 1512 365 apstersit,
1541 311 1607 351 hic
1627 312 1709 352 suis
1730 312 1906 351 lacrimis

282 383 426 430 effecit,
450 395 502 420 ne
525 380 614 420 ullis
637 381 787 433 dignus
808 383 872 421 sit.
904 395 986 434 ego
1000 381 1224 421 Herculem
1248 381 1383 430 fleam,
1406 382 1521 434 quod
1543 383 1658 421 uiuus
1678 382 1814 430 uritur,
1837 388 1907 422 aut

244 465 258 487 5
280 451 511 504 Regulum,
544 452 658 504 quod
692 457 756 492 tot
789 452 914 492 clauis
947 452 1188 504 configitur,
1221 458 1293 493 aut
1327 451 1556 500 Catonem,
1589 453 1704 504 quod
1737 452 1907 494 uolnera

227 816 256 840 10

226 1171 254 1195 15

219 1524 232 1548 2
237 1526 252 1547 υ

217 1877 250 1902 25

278 523 398 563 iterat
430 525 530 562 sua?
585 536 731 562 omnes
764 523 829 562 isti
861 522 940 562 leui
971 523 1174 575 temporis
1205 524 1378 575 inpensa
1400 523 1655 571 inuenerunt,
1688 524 1906 575 quomodo

276 595 434 633 aeterni
466 593 625 642 fierent,
658 600 699 633 et
731 595 785 633 ad
817 593 1159 633 inmortalitatem
1193 594 1414 633 moriendo
1446 599 1659 634 uenerunt.

395 664 530 704 XVII.
574 664 652 705 Est
684 671 726 704 et
757 664 823 704 illa
854 664 1175 704 sollicitudinum
1208 678 1293 704 non
1326 664 1548 704 mediocris
1580 665 1767 713 materia,
1799 666 1832 704 si
1864 672 1906 705 te

276 736 399 775 anxie
447 748 661 788 conponas
704 748 781 774 nec
822 734 910 775 ullis
951 735 1191 788 simpliciter
1233 736 1454 783 ostendas,
1507 734 1637 788 qualis
1679 735 1905 775 multorum

277 806 361 845 uita
389 812 462 854 est,
495 805 602 854 ficta,
636 807 906 846 ostentationi
928 812 1084 858 parata.
1146 811 1316 859 torquet
1339 806 1448 845 enim
1471 806 1645 845 adsidua
1666 806 1905 846 obseruatio

276 879 337 916 sui
369 883 411 916 et
444 877 645 929 deprendi
676 876 793 916 aliter
824 891 874 916 ac
905 876 1025 926 solet,
1058 877 1218 925 metuit,
1250 891 1327 916 nec
1354 889 1554 930 umquam
1578 890 1675 917 cura
1695 876 1905 926 soluimur,

277 947 346 986 ubi
378 948 530 986 totiens
563 961 639 987 nos
667 948 876 987 aestimari
904 953 1111 1000 putamus,
1144 948 1336 1000 quotiens
1359 948 1527 1000 adspici.
1589 960 1688 987 nam
1710 953 1753 987 et
1777 947 1906 988 multa

275 1019 480 1066 incidunt,
513 1032 621 1071 quae
652 1019 803 1057 inuitos
836 1019 1072 1067 denudent,
1105 1025 1167 1067 et,
1201 1025 1245 1058 ut
1277 1019 1385 1058 bene
1418 1019 1541 1058 cedat
1572 1024 1691 1059 tanta
1722 1018 1783 1058 sui
1816 1018 1902 1058 dili-

275 1090 427 1140 gentia,
460 1103 543 1128 non
576 1095 719 1129 tamen
751 1089 929 1129 iucunda
961 1090 1044 1129 uita
1076 1096 1145 1130 aut
1176 1103 1321 1130 secura
1343 1095 1406 1129 est
1427 1103 1596 1143 semper
1617 1089 1696 1129 sub
1725 1103 1905 1142 persona

275 1160 513 1200 uiuentium.
582 1166 625 1200 at
666 1160 734 1199 illa
775 1166 979 1213 quantum
1021 1160 1151 1200 habet
1193 1160 1419 1213 uoluptatis
1461 1160 1620 1199 sincera
1661 1165 1703 1199 et
1744 1153 1819 1212 per
1859 1174 1905 1199 se

273 1238 421 1271 ornata
461 1230 723 1284 simplicitas,
766 1230 863 1270 nihil
896 1231 1134 1271 obtendens
1167 1231 1354 1271 moribus
1386 1231 1494 1270 suis?
1547 1231 1658 1270 subit
1689 1236 1839 1270 tamen
1864 1236 1906 1270 et

272 1302 376 1341 haec
418 1302 501 1341 uita
534 1308 803 1354 contemptus
835 1302 1085 1354 periculum,
1128 1303 1161 1342 si
1193 1303 1333 1342 omnia
1366 1301 1561 1341 omnibus
1592 1307 1748 1354 patent.
1809 1307 1906 1342 sunt

272 1373 381 1412 enim
423 1374 492 1424 qui
534 1372 766 1420 fastidiant,
810 1373 1010 1426 quidquid
1052 1375 1224 1426 propius
1266 1374 1470 1413 adierunt.
1531 1373 1606 1411 sed
1649 1386 1726 1412 nec
1767 1373 1905 1412 uirtuti

271 1443 498 1495 periculum
532 1449 615 1491 est,
659 1457 710 1482 ne
742 1444 917 1483 admota
949 1443 1078 1483 oculis
1110 1443 1348 1492 reuilescat‚
1382 1449 1424 1482 et
1455 1444 1583 1482 satius
1615 1449 1679 1482 est
1711 1442 1902 1495 simplici-

273 1519 360 1553 tate
393 1515 604 1553 contemni
637 1527 763 1566 quam
792 1520 996 1566 perpetua
1018 1514 1281 1554 simulatione
1304 1514 1499 1567 torqueri.
1563 1514 1738 1553 modum
1761 1519 1904 1553 tamen

271 1586 329 1623 rei
363 1584 663 1624 adhibeamus:
711 1584 887 1624 multum
920 1585 1103 1634 interest,
1135 1585 1375 1637 simpliciter
1403 1584 1518 1624 uiuas
1545 1597 1598 1623 an
1620 1583 1903 1636 neglegenter.

273 1655 449 1694 multum
494 1662 535 1695 et
577 1657 616 1695 in
659 1669 703 1695 se
746 1656 1030 1695 recedendum
1069 1662 1157 1696 est:
1207 1656 1471 1695 conuersatio
1504 1655 1614 1695 enim
1648 1654 1936 1694 dissimiliumx

271 1726 380 1765 bene
412 1726 632 1778 conposita
664 1726 869 1766 disturbat
902 1733 944 1766 et
973 1733 1147 1767 renouat
1169 1726 1358 1767 adfectus
1381 1733 1423 1766 et
1445 1726 1645 1779 quidquid
1667 1725 1903 1765 inbecillum

272 1797 311 1836 in
344 1798 483 1836 animo
516 1811 593 1836 nec
624 1803 888 1850 percuratum
923 1804 1007 1846 est,
1039 1797 1264 1837 exulcerat.
1334 1798 1546 1837 miscenda
1577 1802 1720 1836 tamen
1752 1798 1831 1837 ista
1862 1803 1904 1837 et

272 1867 517 1907 alternanda
548 1875 655 1917 sunt,
688 1868 871 1908 solitudo
905 1875 947 1908 et
979 1868 1236 1921 frequentia:
1283 1868 1349 1908 illa
1381 1868 1502 1908 nobis
1534 1867 1657 1908 faciet
1684 1867 1901 1908 hominum

272 1939 546 1986 desiderium,
579 1939 684 1978 haec
716 1943 873 1987 nostri,
908 1945 949 1979 et
982 1940 1058 1979 erit
1091 1939 1221 1979 altera
1253 1939 1419 1980 alterius
1453 1939 1696 1978 remedium.
1758 1939 1902 1978 odium

271 2009 419 2049 turbae
451 2009 615 2049 sanabit
646 2009 846 2058 solitudo,
892 2011 1078 2050 taedium
1110 2010 1344 2050 solitudinis
1375 2009 1508 2050 turba.
1571 2023 1649 2049 nec
1679 2009 1719 2048 in
1751 2010 1902 2049 eadem

271 2080 500 2119 intentione
533 2080 759 2132 aequaliter
792 2082 1010 2121 retinenda
1041 2094 1160 2121 mens
1193 2088 1268 2130 est,
1301 2081 1374 2121 sed
1407 2083 1462 2122 ad
1494 2081 1610 2120 iocos
1643 2081 1902 2120 deuocanda.

271 2222 290 2252 :5
327 2221 473 2262 apstersit
501 2223 535 2262 (p
561 2231 654 2256 corr.
684 2221 719 2254 in
744 2221 782 2263 b)
919 2221 939 2254 4
975 2222 1107 2263 neeullis
1244 2223 1341 2254 uritur
1369 2221 1418 2264 (in
1445 2231 1558 2265 marq.
1587 2231 1630 2254 m.
1659 2221 1678 2252 2
1705 2224 1757 2252 aut
1786 2220 1902 2262 reguli-1

271 2292 312 2332 qd
344 2295 389 2322 tot
417 2291 516 2322 clauis
544 2281 644 2331 Erigit.
673 2290 817 2325 addidit
842 2302 913 2326 non
939 2291 1063 2326 cadem
1092 2303 1230 2333 manus,
1266 2297 1302 2325 ut
1336 2291 1490 2334 uidetur,
1527 2291 1744 2332 transfigitur;
1781 2290 1903 2335 itaque

271 2373 368 2406 tenni
391 2374 576 2415 configitur)
722 2374 740 2404 ,ἦ
769 2357 902 2416 ιιξΙηεηι
1049 2377 1068 2405 (ἱ
1103 2376 1195 2406 iterat
1221 2386 1277 2405 sua
1306 2372 1412 2408 Gertz
1434 2379 1520 2418 post
1548 2372 1732 2411 Haase'um,
1760 2372 1823 2417 qui
1845 2384 1901 2404 sua

270 2433 362 2463 iterat
389 2432 552 2477 scripsit:
582 2443 637 2463 sua
664 2431 741 2466 cod.
770 2432 820 2474 (in
847 2443 961 2478 marq.
988 2444 1032 2468 m.
1060 2444 1131 2467 rec.
1159 2433 1284 2479 fortiter
1309 2433 1392 2474 tulit)
1523 2433 1606 2465 or‘ni5
1753 2433 1901 2473 impensa

382 2489 400 2522 Τ
421 2495 572 2522 uenerunt
591 2491 640 2533 (in
661 2502 774 2535 marq.
794 2501 837 2525 m.
857 2502 928 2526 rec.
949 2493 1003 2524 alii
1021 2492 1179 2533 uenirent)
1302 2491 1321 2525 9
1340 2492 1434 2523 anxie
1452 2491 1501 2531 (in
1521 2502 1636 2536 marq.
1656 2502 1699 2524 m.
1720 2500 1790 2525 rec.
1810 2491 1835 2521 si
1855 2495 1899 2523 no

270 2560 377 2603 anxie)
507 2572 688 2603 componas
816 2550 900 2603 uillis
1051 2562 1090 2596 lO
1125 2563 1253 2594 assidua
1281 2561 1406 2607 (prior
1431 2573 1445 2593 s
1471 2561 1581 2605 corr.)
1731 2561 1771 2594 12
1799 2562 1900 2603 aspici

413 2619 449 2651 16
476 2625 590 2651 ornata
620 2619 692 2653 E2:
723 2622 871 2653 inornata
1007 2622 1186 2652 obtendens
1213 2619 1287 2654 E22
1317 2621 1475 2661 obediens
1609 2619 1651 2653 ’18
1677 2621 1766 2662 qeqd

270 2678 415 2709 adierunt
444 2676 517 2711 [2¹22
548 2680 713 2711 audierunt
835 2679 875 2713 21
914 2680 1122 2721 neglegenter
1249 2680 1294 2714 22
1334 2680 1548 2711 recedendum
1576 2677 1792 2713 deteriores:
1822 2679 1899 2710 reci-

270 2737 380 2769 ‹lendfi
504 2739 689 2771 dissimilliu
827 2739 870 2772 ‘253
898 2740 1050 2780 cOposita
1193 2740 1284 2783 chd
1428 2738 1472 2773 ΒΓ)
1498 2742 1570 2770 sunt
1595 2736 1809 2773 deteriores:
1838 2738 1899 2769 sint

390 2795 432 2832 2>ss
460 2797 558 2829 altera
584 2807 676 2830 unus
703 2796 941 2833 deteriorum:
971 2798 1061 2831 alteri

1932 251 1952 284 4⁷

1931 1168 1950 1200 10
