2008 3221
170 855 200 880 10

170 1210 199 1235 15

164 1565 197 1590 20

232 114 310 154 188
656 108 760 136 DIAL.
776 109 854 135 VIII.
895 110 948 135 AD
969 109 1157 135 SERENVM
1178 110 1231 135 DE
1251 110 1359 137 OTIO.
1399 112 1424 137 5.

225 207 349 247 flexili
391 207 581 260 inposuit.
645 206 797 246 deinde
839 220 939 246 sena
981 221 1056 260 per
1097 207 1231 255 diem,
1275 220 1375 248 sena
1416 221 1490 261 per
1531 213 1700 247 noctem
1733 208 1852 259 signa

224 279 456 332 perducens
498 277 652 317 nullam
696 291 779 317 non
821 284 984 330 partem
1027 279 1088 317 sui
1130 277 1347 330 explicuit,
1390 283 1434 317 ut
1471 291 1546 331 per
1577 278 1702 325 haec,
1744 291 1852 330 quae

225 348 433 402 optulerat
475 347 603 387 oculis
647 348 752 396 eius,
795 349 1065 402 cupiditatem
1109 347 1263 388 faceret
1305 349 1430 388 etiam
1464 354 1710 388 ceterorum.
1773 362 1850 388 nec

224 420 331 459 enim
366 419 506 458 omnia
538 432 613 458 nec
644 425 761 458 tanta
793 420 962 459 uisimus
993 425 1149 472 quanta
1180 425 1286 467 sunt,
1318 419 1393 459 sed
1426 420 1532 459 acies
1556 425 1699 459 nostra
1720 421 1854 473 aperit

223 490 297 530 sibi
349 489 624 542 inuestigandi
676 490 786 529 uiam
839 497 881 530 et
932 489 1205 530 fundamenta
1247 504 1348 530 uero
1390 490 1506 538 iacit,
1561 495 1604 529 ut
1646 490 1852 542 inquisitio

221 567 406 601 transeat
455 574 509 600 ex
556 561 709 613 apertis
753 563 795 601 in
836 561 1015 601 obscura
1057 567 1098 601 et
1140 560 1293 614 aliquid
1335 562 1426 614 ipso
1470 562 1628 601 mundo
1671 561 1853 602 inueniat

222 632 447 685 antiquius,
495 633 606 671 unde
654 633 732 672 ista
773 633 911 672 sidera
953 633 1139 672 exierint.
1201 632 1289 685 quis
1332 632 1451 671 fuerit
1492 632 1667 671 uniuersi
1709 639 1853 681 status,

222 709 447 755 antequam
479 702 641 755 singula
672 703 711 742 in
743 709 882 756 partes
915 704 1188 744 discederent.
1237 717 1344 756 quae
1376 704 1480 743 ratio
1514 714 1651 743 mersa
1683 709 1723 743 et
1756 717 1852 743 con-

220 773 309 813 fusa
341 774 563 814 diduxerit.
616 774 706 826 quis
737 774 831 814 loca
862 775 986 814 rebus
1019 774 1309 827 adsignauerit.
1352 780 1501 827 suapte
1533 779 1679 814 natura
1712 775 1854 827 grauia

221 845 532 893 descenderint,
577 844 832 885 euolauerint
875 845 997 893 leuia,
1030 859 1082 885 an
1114 852 1280 899 praeter
1310 846 1445 885 nisum
1476 846 1727 899 pondusque
1760 859 1848 886 cor-

219 929 370 969 porum
403 915 524 956 altior
556 916 693 969 aliqua
723 917 784 956 uis
816 915 955 969 legem
987 916 1156 970 singulis
1190 917 1352 957 dixerit.
1395 930 1446 957 an
1480 915 1578 956 illud
1611 930 1755 956 uerum
1788 917 1850 965 sit,

219 1001 303 1039 quo
353 987 538 1026 maxime
585 987 788 1041 probatur
828 987 1020 1028 homines
1063 988 1188 1028 diuini
1231 1001 1321 1028 esse
1363 988 1548 1041 spiritus,
1599 994 1763 1041 partem
1805 1001 1853 1028 ac

220 1058 344 1097 ueluti
377 1049 571 1098 scintillas
604 1059 809 1111 quasdam
843 1066 1050 1099 astrorum
1084 1060 1123 1099 in
1156 1066 1309 1099 terram
1335 1059 1546 1099 desiluisse
1569 1066 1695 1112 atque
1718 1058 1851 1100 alieno

219 1129 314 1169 loco
363 1129 546 1169 haesisse
630 1130 829 1183 cogitatio
877 1137 1021 1170 nostra
1063 1130 1164 1170 caeli
1207 1131 1465 1170 munimenta
1506 1132 1735 1184 perrumpit
1777 1144 1854 1170 nec

220 1206 418 1240 contenta
450 1207 513 1241 est
541 1201 593 1250 id,
626 1202 741 1254 quod
765 1203 1010 1250 ostenditur,
1043 1204 1167 1242 scire:
1213 1201 1323 1250 illud,
1357 1203 1496 1254 inquit,
1529 1208 1701 1250 scrutor,
1734 1202 1852 1254 quod

219 1271 325 1311 ultra
373 1273 576 1312 mundum
619 1273 746 1321 iacet,
795 1280 990 1313 utrumne
1032 1273 1240 1327 profunda
1282 1276 1454 1314 uastitas
1497 1273 1548 1313 sit
1591 1287 1643 1313 an
1685 1280 1727 1313 et
1770 1273 1853 1313 hoc

219 1344 352 1395 ipsum
386 1345 571 1384 terminis
604 1344 686 1383 suis
719 1343 920 1384 cludatur.
985 1344 1114 1397 qualis
1147 1347 1198 1384 sit
1230 1344 1398 1384 habitus
1431 1344 1629 1393 exclusis,
1663 1344 1853 1384 informia

219 1420 259 1453 et
293 1414 464 1454 confusa
496 1415 597 1464 sint,
639 1416 679 1454 in
712 1429 882 1455 omnem
916 1422 1080 1469 partem
1113 1417 1363 1456 tantundem
1395 1415 1474 1455 loci
1506 1417 1757 1469 optinentia‚
1799 1430 1851 1455 an

219 1490 260 1524 et
301 1485 367 1524 illa
399 1487 437 1525 in
471 1484 649 1538 aliquem
684 1486 842 1535 cultum
876 1487 1084 1540 descripta
1115 1488 1206 1528 sint.
1270 1486 1363 1526 huic
1395 1486 1648 1526 cohaereant
1681 1487 1852 1535 mundo,

218 1570 269 1595 an
302 1555 429 1608 longe
462 1556 514 1596 ab
547 1556 629 1597 hoc
660 1560 906 1598 secesserint
938 1564 979 1598 et
1012 1558 1052 1597 in
1074 1571 1209 1598 uacuo
1233 1557 1485 1600 uolutentur.
1528 1558 1739 1597 indiuidua
1760 1559 1852 1605 sint,

217 1640 291 1679 per
322 1641 430 1679 quae
462 1630 632 1668 struitur
664 1642 791 1668 omne
823 1630 939 1682 quod
971 1635 1115 1669 natum
1148 1628 1414 1681 futurumque
1447 1634 1531 1676 est,
1575 1642 1625 1668 an
1659 1630 1854 1669 continua

218 1711 364 1737 eorum
410 1699 584 1739 materia
615 1700 667 1740 sit
699 1706 740 1740 et
773 1714 848 1754 per
879 1707 1019 1741 totum
1053 1700 1272 1740 mutabilis.
1336 1707 1475 1741 utrum
1509 1701 1714 1740 contraria
1746 1701 1852 1740 inter

216 1783 260 1808 se
293 1768 502 1810 elementa
533 1771 625 1819 sint,
658 1784 710 1810 an
743 1785 826 1810 non
859 1779 1058 1824 pugnent,
1091 1772 1166 1811 sed
1199 1785 1273 1825 per
1305 1771 1467 1811 diuersa
1499 1771 1749 1824 conspirent.
1799 1771 1852 1810 ad

216 1840 321 1880 haec
352 1842 591 1893 quaerenda
624 1848 755 1890 natus,
789 1843 983 1891 aestima,
1017 1856 1143 1895 quam
1177 1856 1260 1882 non
1294 1841 1472 1882 multum
1506 1842 1712 1894 acceperit
1744 1848 1850 1882 tem-

182 1921 192 1944 Γ
216 1913 339 1964 poris,
374 1912 533 1951 etiamsi
566 1912 665 1952 illud
698 1919 838 1954 totum
872 1915 947 1953 sibi
979 1915 1170 1962 uindicat,
1204 1915 1266 1953 cui
1289 1912 1383 1954 licet
1407 1913 1503 1953 nihil
1526 1912 1718 1953 facilitate
1742 1915 1851 1966 eripi,

216 1982 313 2022 nihil
365 1982 630 2036 neglegentia
677 1985 862 2037 patiatur
903 1985 1121 2033 excidere,
1172 1984 1268 2025 licet
1311 1984 1434 2024 horas
1476 1998 1571 2024 suas
1614 1985 1852 2024 auarissime

217 2221 237 2252 2
272 2220 451 2260 perducens
478 2217 558 2252 olim
586 2230 701 2255 coma:
731 2220 905 2261 perducent
1050 2220 1067 2253 λ1
1104 2204 1249 2252 sedacieS
1396 2221 1415 2250 (ἶ
1442 2204 1567 2261 exapti⁵
1713 2221 1852 2252 inueniat

216 2277 343 2322 zculqo:
382 2279 549 2310 inueniant
743 2279 761 2312 ’ἶ
797 2280 881 2311 unde
915 2280 975 2311 ista
1008 2280 1113 2311 sidera
1149 2280 1281 2311 exierint
1317 2278 1394 2316 cod,
1423 2289 1536 2323 neque
1571 2284 1623 2313 cst
1655 2289 1721 2313 cm·
1746 2281 1851 2312 sidera

216 2335 394 2370 abiciatur
561 2336 582 2371 ὃ
617 2339 818 2370 discederent
854 2348 946 2371 unus
983 2337 1220 2372 deteriorum:
1258 2339 1489 2371 descenderent
1675 2338 1713 2371 10
1747 2340 1851 2371 nisum

217 2394 435 2429 deleriores:
467 2397 538 2429 uis-u
653 2396 688 2429 15¹,
723 2401 880 2428 astrorum
909 2396 1071 2442 Lipsius:
1101 2408 1264 2429 sacrorum
1397 2398 1561 2429 desiluisse
1590 2396 1662 2431 E¹:
1693 2399 1852 2430 resiluisse

465 2459 474 2478 t

344 2490 380 2523 Ιῖ)
408 2491 486 2532 inqd
612 2492 650 2524 14ἱ
679 2492 759 2523 ultra
786 2491 903 2525 nescio
929 2491 1029 2536 quis:
1059 2493 1141 2523 iutra
1271 2491 1305 2525 17
1335 2493 1485 2523 informia
1514 2490 1604 2528 deli:
1634 2493 1756 2525 isorma

223 2550 260 2582 18
287 2550 359 2592 sinty
388 2550 417 2580 in
445 2548 617 2593 Mallzchq:
647 2552 718 2583 sint.
744 2552 834 2582 auin
964 2550 999 2584 19
1027 2554 1179 2583 coereaul
1299 2552 1344 2584 :30
1371 2555 1400 2583 et
1419 2552 1449 2582 iu
1469 2562 1571 2582 uacuo
1590 2549 1719 2595 uquo:
1750 2553 1851 2584 ethic

217 2610 246 2639 in
274 2620 377 2640 uacuo
404 2608 482 2644 cod.
511 2609 545 2642 in
572 2609 700 2654 quibus
728 2609 810 2644 uide
836 2621 880 2644 ne
906 2608 1015 2644 lateo!
1041 2615 1070 2642 et
1097 2611 1142 2642 sic
1166 2611 1196 2641 in
1216 2621 1330 2652 tractio,
1358 2608 1656 2654 quemadmodem
1677 2609 1852 2644 Horatius

217 2672 249 2700 el
276 2668 351 2712 lpse
380 2668 518 2702 Seneca
546 2669 705 2713 lraffl'cns
732 2669 827 2703 (lixit
853 2671 898 2701 sie
927 2676 1045 2702 temere
1175 2670 1213 2702 ‘21
1249 2680 1332 2711 pque
1462 2669 1504 2701 ‘23
1532 2675 1673 2711 pugnent
1700 2668 1851 2703 delerio-

218 2738 294 2759 ηιμ-ς
327 2733 445 2768 pugnet
591 2728 634 2761 25·
673 2729 750 2760 illud
778 2730 811 2770 (d
840 2729 950 2771 corr.)
1099 2730 1185 2759 cuius
1212 2729 1284 2760 licet
1315 2727 1476 2772 llladm'jl,
1509 2727 1575 2762 scd
1599 2739 1664 2762 cm*
1691 2728 1851 2762 dalfinum

217 2786 332 2819 minus
368 2785 453 2820 berte
486 2787 704 2831 conium-(sere
740 2788 845 2822 licea!
879 2798 956 2821 cnm
991 2787 1111 2822 uerbis
1146 2789 1224 2829 eripi
1260 2792 1292 2821 et
1318 2788 1484 2828 excidere,
1516 2798 1624 2832 qutcm
1648 2787 1851 2832 yencle'uwn

217 2856 296 2879 cum
323 2855 411 2879 uoce
438 2846 529 2888 nihil,
555 2857 624 2879 nou
654 2846 760 2880 uideo
881 2847 925 2881 ‘26
953 2847 1141 2879 auarissime
1167 2845 1249 2881 olim
1277 2850 1499 2882 correctum:
1530 2847 1732 2879 amarissime

1879 1140 1899 1174 6
