2008 3221
254 507 268 528 5
288 507 373 532 non
405 493 549 545 possit,
582 492 743 531 etiamsi
776 505 870 531 cum
903 490 1093 530 inferiore
1126 503 1358 530 concurses.
1413 490 1596 529 uinctum
1628 489 1724 529 licet
1745 489 1921 542 accipias
1947 495 1953 524 ἱ

242 860 271 884 ¹0

244 1215 272 1239 15

241 1569 274 1594 20

245 2279 278 2300 :m

295 118 371 156 110
775 111 877 136 DIAL.
900 111 933 137 V.
976 110 1027 135 DE
1048 110 1114 134 lRA
1138 109 1208 135 Lm.
1232 108 1283 135 111.
1323 111 1366 136 Ἀ.
1388 111 1431 135 29.

288 224 445 263 parare,
478 210 661 248 inimicos
695 208 905 260 mitigare,
938 206 1238 259 rempublicam
1272 207 1583 254 administrare,
1627 206 1848 246 transferre
1879 206 1917 245 in

289 295 353 321 res
396 280 647 320 domesticas
686 291 879 331 operam,
923 291 1049 330 quam
1093 277 1430 330 circumspicere,
1482 277 1581 329 quid
1625 276 1741 316 alicui
1783 276 1919 316 facere

288 352 421 405 possis
464 350 580 398 mali,
623 351 738 403 quod
781 355 852 389 aut
895 349 1085 401 dignitati
1130 348 1213 387 eius
1257 354 1326 388 aut
1368 348 1620 400 patrimonio
1653 354 1722 387 aut
1755 348 1920 401 corpori

290 422 436 462 uolnus
474 421 655 473 infligas,
678 430 680 433 ·
700 434 793 459 cum
827 420 868 459 id
901 420 974 459 tibi
1007 420 1249 471 contingere
1281 419 1368 458 sine
1400 419 1626 458 certamine
1659 432 1707 458 ac
1738 418 1921 471 periculo

290 571 330 603 et
363 565 416 603 ad
450 564 664 603 arbitrium
697 568 815 602 tuum
848 563 963 601 omni
995 562 1218 614 patientiae
1252 561 1521 613 expositum:
1558 574 1684 614 saepe
1716 560 1841 599 nimia
1862 560 1921 599 uis

290 636 500 675 caedentis
533 641 603 674 aut
636 633 852 674 articulum
885 633 981 672 loco
1016 632 1146 671 mouit
1175 637 1246 671 aut
1269 645 1444 670 neruum
1467 632 1506 670 in
1529 631 1590 671 his
1613 644 1719 684 quos
1742 631 1923 683 fregerat

289 706 482 746 dentibus
536 705 637 745 fixit.
711 704 866 744 multos
918 703 1128 743 iracundia
1171 715 1366 749 mancos,
1419 702 1575 741 multos
1617 701 1774 741 debiles
1817 701 1923 750 fecit,

291 778 414 817 etiarn
459 777 536 816 ubi·
569 776 798 829 patientem
841 781 993 814 nancta
1042 780 1104 814 est
1154 773 1383 813 materiam.
1456 772 1574 812 adice
1626 786 1755 821 nunc,
1808 773 1923 825 quod

291 848 387 888 nihil
420 855 506 887 tam
541 846 728 887 inbecille
770 852 913 885 natum
958 851 1042 894 est,
1094 851 1139 885 ut
1182 845 1267 883 sine
1311 844 1500 884 elidentis
1543 843 1727 896 periculo
1769 850 1924 896 pereat.

291 919 505 959 inbecillos
548 918 835 958 ualentissimis
877 916 977 956 alias
1022 915 1166 963 dolor,
1220 915 1318 954 alias
1361 928 1479 954 casus
1522 921 1742 967 exaequat.
1814 915 1924 967 quid,

291 992 406 1043 quod
458 990 655 1042 pleraque
709 1001 875 1036 eorum,
928 994 1100 1040 propter
1142 1000 1250 1039 quae
1302 985 1534 1034 irascimur,
1587 985 1806 1025 offendunt
1849 999 1926 1025 nos

293 1062 424 1113 magis
478 1075 603 1114 quam
656 1060 856 1099 laedunt?
921 1057 1097 1098 multum
1151 1063 1292 1096 autem
1345 1057 1536 1105 interest,
1592 1062 1730 1096 utrum
1784 1056 1926 1109 aliquis

293 1133 495 1173 uoluntati
545 1145 664 1172 meae
710 1137 852 1183 opstet
895 1144 945 1169 an
991 1129 1118 1177 desit,
1171 1129 1315 1182 eripiat
1358 1141 1410 1167 an
1455 1141 1539 1167 non
1583 1128 1666 1167 det.
1734 1128 1847 1180 atqui
1888 1127 1927 1166 in

292 1218 428 1257 aequo
481 1204 696 1256 ponimus,
748 1208 888 1242 utrum
938 1200 1080 1253 aliquis
1130 1198 1289 1239 auferat
1331 1213 1382 1238 an
1426 1205 1572 1251 neget,
1629 1205 1765 1238 utrum
1808 1212 1926 1251 spem

293 1282 479 1315 nostram
523 1274 737 1327 praecidat
778 1286 830 1312 an
874 1271 1059 1319 differat,
1102 1276 1239 1310 utrum
1284 1276 1429 1309 contra
1471 1283 1548 1309 nos
1591 1269 1712 1309 faciat
1755 1282 1807 1308 an
1850 1282 1927 1322 pro

292 1361 358 1394 se,
402 1359 547 1386 amore
598 1345 764 1385 alterius
818 1358 870 1383 an
922 1343 1022 1382 odio
1074 1343 1216 1381 nostri.
1278 1341 1449 1393 quidam
1493 1354 1593 1380 uero
1636 1354 1720 1379 non
1763 1346 1926 1380 tantum

293 1419 419 1458 iustas
453 1430 596 1457 causas
628 1416 765 1455 standi
798 1420 944 1454 contra
976 1427 1065 1463 nos,
1098 1414 1174 1452 sed
1207 1412 1331 1452 etiam
1365 1411 1563 1451 honestas
1596 1411 1778 1452 habent:
1828 1410 1929 1450 alius

294 1495 456 1542 patrem
500 1494 659 1535 tuetur,
703 1486 804 1526 alius
847 1485 1039 1532 fratrem,
1082 1483 1183 1523 alius
1226 1483 1424 1535 patriam,
1467 1482 1568 1521 alius
1610 1482 1800 1521 amicum.
1868 1481 1929 1520 his

294 1566 437 1599 tamen
470 1572 554 1598 non
587 1558 841 1610 ignoscimus
873 1556 914 1596 id
947 1555 1203 1602 facientibus,
1238 1554 1353 1607 quod
1385 1554 1459 1593 nisi
1493 1553 1686 1601 facerent,
1719 1552 1928 1605 improba-

295 1645 444 1678 remus,
474 1631 616 1676 immo,
640 1629 755 1682 quod
779 1634 842 1667 est
864 1626 1114 1674 incredibile,
1138 1639 1264 1678 saepe
1288 1626 1341 1664 de
1363 1624 1474 1664 facto
1498 1624 1606 1664 bene
1629 1623 1929 1671 existimamus,

294 1701 347 1741 de
379 1701 554 1741 faciente
587 1700 706 1739 male.
760 1705 802 1738 at
836 1712 904 1738 me
936 1697 1123 1737 hercules
1157 1697 1216 1735 uir
1238 1709 1416 1748 magnus
1439 1709 1487 1734 ac
1509 1696 1636 1734 iustus
1660 1694 1929 1734 fortissimum

294 1785 505 1825 quemque
548 1785 602 1810 ex
647 1770 837 1810 hostibus
880 1769 961 1808 suis
995 1774 1035 1808 et
1068 1781 1145 1821 pro
1177 1767 1370 1806 libertate
1402 1780 1451 1806 ac
1482 1766 1616 1806 salute
1648 1766 1805 1818 patriae
1837 1778 1928 1817 per-

295 1844 590 1883 tinacissimum
625 1842 792 1894 suspicit
826 1847 866 1880 et
899 1840 1025 1879 talem
1059 1839 1134 1879 sibi
1159 1839 1306 1886 ciuem,
1339 1837 1466 1877 talem
1491 1837 1663 1877 militem
1688 1836 1931 1888 contingere

261 1926 275 1948 ὸ
297 1921 428 1967 optat.

415 1984 571 2024 XXIX.
623 1984 766 2036 Turpe
805 1989 867 2022 est
900 1982 1040 2021 odisse
1072 1994 1197 2033 quem
1231 1981 1400 2020 laudes:
1449 1984 1606 2032 quanto
1641 1992 1741 2018 uero
1775 1979 1931 2031 turpius

298 2057 353 2096 ob
397 2057 438 2095 id
481 2055 658 2108 aliquem
703 2055 864 2102 odisse,
908 2058 1081 2105 propter
1113 2052 1228 2104 quod
1261 2051 1543 2091 misericordia
1576 2051 1724 2102 dignus
1758 2051 1848 2089 est?
1901 2050 1933 2088 si

298 2127 486 2179 captiuus
529 2127 568 2165 in
611 2126 853 2165 seruitutem
898 2123 1036 2163 subito
1081 2124 1302 2176 depressus
1346 2121 1534 2174 reliquias
1576 2120 1776 2160 libertatis
1819 2125 1934 2159 tenet

298 2212 374 2238 nec
416 2199 469 2237 ad
512 2198 683 2236 sordida
725 2210 773 2236 ac
806 2196 1015 2236 laboriosa
1049 2194 1272 2233 ministeria
1304 2193 1420 2245 agilis
1452 2193 1650 2239 occurrit,
1694 2192 1726 2230 si
1759 2204 1813 2230 ex
1846 2190 1932 2230 otio

299 2270 416 2322 piger
458 2282 611 2321 equum
655 2266 974 2318 uehiculumque
1020 2266 1177 2304 domini
1220 2279 1338 2304 cursu
1379 2278 1462 2303 non
1495 2268 1724 2315 exaequat,
1767 2262 1798 2301 si
1832 2262 1935 2300 inter

300 2340 508 2379 cotidiana
540 2338 754 2392 peruigilia
787 2339 939 2378 fessum
974 2350 1145 2376 somnus
1179 2336 1406 2389 oppressit,
1450 2335 1481 2373 si
1515 2335 1711 2373 rusticum
1744 2332 1934 2372 laborem

301 2417 463 2450 recusat
506 2416 574 2449 aut
615 2424 697 2449 non
740 2409 900 2449 fortiter
943 2409 1032 2447 obit
1065 2422 1089 2447 a
1120 2408 1319 2446 seruitute
1363 2406 1521 2445 urbana
1555 2411 1595 2444 et
1628 2403 1771 2444 feriata
1802 2409 1933 2443 trans-

302 2482 408 2521 latus
450 2483 503 2520 ad
544 2482 692 2521 durum
733 2494 862 2533 opus:
912 2479 1224 2530 distinguamus,
1258 2483 1395 2516 utrum
1430 2476 1572 2529 aliquis
1605 2489 1687 2514 non
1722 2474 1850 2527 possit
1883 2487 1934 2513 an
1962 2484 1966 2489 ·

302 2552 427 2592 nolit:
464 2552 620 2592 multos
653 2551 933 2599 absoluemus,
965 2551 996 2589 si
1029 2549 1290 2603 coeperimus
1323 2553 1418 2587 ante
1451 2547 1631 2586 iudicare
1659 2559 1785 2598 quam
1810 2545 1936 2584 irasci.

1612 2656 1620 2674 t
1845 2655 1852 2673 ι

313 2705 321 2738 l
351 2705 462 2736 uulnus
587 2708 606 2735 ffb
633 2700 750 2751 naiicta
905 2703 936 2736 li
976 2703 1081 2734 obstet
1118 2702 1152 2743 (b
1188 2711 1237 2735 ear
1273 2712 1292 2741 p
1319 2705 1428 2741 corr.)
1581 2687 1644 2741 ailq
1745 2700 1788 2731 '2¹2
1816 2698 1857 2737 agl
1885 2708 1936 2727 me

305 2782 450 2814 hercules
580 2783 624 2814 ⁴31¹»
659 2786 726 2812 esto
755 2782 935 2822 ‹lisscquem
1066 2778 1109 2812 2?
1138 2769 1238 2825 mimir
1370 2776 1414 2807 :20
1448 2787 1562 2817 equum
1591 2784 1635 2809 (m
1662 2774 1698 2808 ‘iu
1724 2775 1810 2815 ras.)

307 2848 345 2881 {21
378 2848 558 2880 cottidiana
683 2849 725 2879 32
753 2847 822 2877 obit
852 2843 928 2879 Efl:
959 2845 1040 2875 obiit
1187 2843 1229 2877 34
1259 2842 1437 2885 ceperimus
