2008 3221
240 124 320 163 196
478 119 582 146 DIAL.
604 118 655 144 IX.
696 117 749 142 Al)
771 116 957 142 SERENVM
977 115 1031 141 DE
1050 114 1404 148 TRANQVILLITATE
1424 115 1553 142 ANIMI.
1592 116 1618 142 2.

234 216 342 271 hanc
391 213 584 254 stabilem
632 213 758 253 animi
805 212 952 251 sedem
995 210 1143 251 Graeci
1190 206 1415 262 εὐθυμίαν
1463 218 1636 261 uocant,
1685 213 1739 252 de
1780 227 1864 265 qua

234 285 464 326 Democriti
504 283 700 323 uolumen
734 284 948 334 egregium
982 288 1056 322 est.
1119 295 1201 333 ego
1233 282 1572 335 tranquillitatem
1605 297 1723 323 uoco
1786 297 1864 323 nec

235 358 343 403 enim
387 356 535 394 imitari
579 359 620 393 et
652 352 874 393 transferre
912 352 1041 391 uerba
1073 353 1127 391 ad
1160 351 1321 392 illorum
1355 352 1534 393 formam
1568 367 1738 393 necesse
1770 360 1859 394 est:

234 441 298 466 res
331 427 430 478 ipsa,
464 426 517 464 de
549 438 631 476 qua
663 425 807 476 agitur,
841 423 979 475 aliquo
1012 423 1217 474 signanda
1247 424 1416 462 nomine
1440 429 1513 472 est,
1545 425 1660 476 quod
1683 423 1863 477 adpella-

199 511 212 531 :1
234 499 354 537 tionis
387 495 574 535 Graecae
617 495 700 534 uim
743 494 873 534 debet
914 493 1094 541 habere,
1135 507 1220 533 non
1263 493 1420 534 faciem.
1483 508 1585 546 ergo
1618 495 1865 547 quaerimus,

186 861 213 884 11)

181 1568 214 1592 *20

233 568 452 620 quomodo
484 567 644 605 animus
676 578 843 617 semper
875 564 1034 617 aequali
1056 565 1326 616 secundoque
1349 578 1469 604 cursu
1492 571 1559 604 eat
1580 566 1866 618 propitiusque

234 639 310 678 sibi
352 639 404 677 sit
446 643 487 676 et
529 650 604 676 sua
644 636 775 676 laetus
809 636 1012 688 adspiciat
1045 641 1086 674 et
1117 635 1200 674 hoc
1231 636 1431 687 gaudium
1464 648 1549 674 non
1580 637 1865 689 interrumpat,

233 710 308 748 sed
340 708 505 760 placido
537 712 648 747 statu
680 712 848 746 maneat
880 719 957 745 nec
978 705 1187 745 adtollens
1209 719 1254 745 se
1277 719 1477 758 umquam
1501 719 1577 745 nec
1598 706 1861 759 deprimens:

234 780 277 819 id
308 777 581 831 tranquillitas
614 778 702 817 erit.
764 776 983 830 quomodo
1016 776 1071 816 ad
1102 775 1209 815 hanc
1240 777 1444 829 perueniri
1464 778 1609 829 possit,
1641 778 1682 816 in
1704 779 1865 817 uniuer-

234 862 326 889 sum
370 861 644 901 quaeramus:
690 860 830 886 sumes
872 852 918 886 tu
961 860 1015 886 ex
1058 845 1226 898 publico
1270 847 1459 886 remedio
1498 852 1701 899 quantum
1740 847 1866 887 uoles.

233 925 371 959 totum
393 920 558 958 interim
581 919 724 957 uitium
746 918 787 956 in
810 917 995 956 medium
1018 915 1349 969 protrahendum
1372 922 1447 965 est,
1483 930 1538 956 ex
1560 930 1644 969 quo
1667 924 1867 970 agnoscet

233 992 408 1042 quisque
450 994 615 1042 partem
648 1001 779 1027 suam.
842 987 962 1026 simul
994 993 1039 1026 tu
1071 986 1308 1038 intelleges,
1350 993 1510 1039 quanto
1544 989 1678 1027 minus
1710 989 1868 1040 negotii

234 1060 390 1100 habeas
423 1061 517 1099 c‘um
551 1058 718 1098 fastidio
751 1059 810 1098 tui
842 1071 968 1110 quam
1001 1057 1053 1105 hi,
1086 1071 1193 1109 quos
1225 1058 1279 1097 ad
1308 1056 1610 1109 professionem
1633 1060 1866 1111 speciosam

235 1131 442 1183 adligatos
475 1136 516 1169 et
548 1129 625 1169 sub
658 1129 814 1181 ingenti
845 1128 966 1168 titulo
999 1128 1227 1168 laborantis
1259 1130 1298 1168 in
1331 1142 1406 1168 sua
1437 1128 1700 1168 simulatione
1731 1129 1869 1182 pudor

201 1215 215 1238 ε)
237 1203 370 1253 magis
412 1214 536 1253 quam
580 1199 771 1239 uoluntas
813 1205 939 1239 tenet.
1004 1213 1151 1238 omnes
1183 1201 1222 1239 in
1255 1200 1404 1238 eadem
1438 1213 1562 1239 causa
1593 1205 1715 1248 sunt,'
1754 1205 1795 1239 et
1826 1199 1867 1239 hi

234 1274 302 1325 qui
345 1272 513 1311 leuitate
557 1276 764 1310 uexantur
805 1284 853 1310 ac
894 1270 1036 1310 taedio
1078 1271 1337 1322 adsiduaque
1381 1272 1613 1310 mutatione
1650 1271 1868 1324 propositi,

234 1343 384 1396 quibus
416 1356 584 1395 semper
617 1344 750 1393 magis
782 1341 921 1394 placet
953 1342 1068 1393 quod
1102 1340 1366 1393 reliquerunt,
1400 1347 1441 1380 et
1472 1340 1546 1389 illi,
1579 1343 1649 1393 qui
1681 1347 1868 1381 marcent

236 1420 278 1454 et
321 1415 562 1454 oscitantur.
625 1414 744 1452 adice
792 1426 888 1460 eos,
939 1414 1007 1464 qui
1049 1426 1135 1451 non
1175 1412 1293 1451 aliter
1334 1425 1462 1463 quam
1504 1411 1653 1464 quibus
1696 1411 1869 1452 difficilis

234 1499 407 1524 somnus
440 1489 513 1533 est,
547 1490 713 1523 uersant
744 1497 789 1522 se
823 1489 864 1523 et
896 1483 978 1522 hoc
1010 1489 1136 1535 atque
1168 1482 1237 1522 illo
1270 1483 1402 1522 modo
1435 1489 1700 1535 conponunt,
1734 1483 1869 1522 donec

235 1558 418 1609 quietem
442 1554 682 1595 lassitudine
704 1554 934 1593 inueniant:
971 1560 1128 1594 statum
1151 1554 1260 1593 uitae
1283 1567 1382 1592 suae
1404 1552 1672 1593 reformando
1691 1553 1870 1593 subinde

234 1629 274 1667 in
317 1641 367 1667 eo
411 1628 637 1666 nouissime
679 1631 851 1664 manent
893 1626 932 1664 in
974 1639 1059 1677 quo
1107 1624 1198 1664 illos
1241 1638 1327 1664 non
1359 1625 1548 1664 mutandi
1581 1625 1748 1672 odium,
1793 1625 1869 1663 sed

234 1704 429 1738 senectus
472 1698 526 1737 ad
569 1697 813 1736 nouandum
857 1697 976 1748 pigra
1008 1696 1242 1748 deprendit.
1304 1695 1423 1734 adice
1455 1701 1497 1735 et
1529 1694 1641 1743 illos,
1684 1697 1754 1748 qui
1785 1708 1869 1734 non

236 1769 497 1809 constantiae
519 1766 724 1807 beneficio
748 1781 895 1820 parum
928 1766 1041 1806 leues
1073 1773 1181 1815 sunt,
1214 1767 1290 1805 sed
1322 1766 1501 1814 inertiae,
1535 1771 1577 1805 et
1609 1767 1756 1805 uiuont
1785 1779 1870 1804 non

235 1840 453 1893 quomodo
486 1839 644 1887 uolunt,
676 1838 749 1877 sed
783 1838 1002 1890 quomodo
1036 1842 1276 1890 coeperunt.
1329 1836 1650 1876 innumerabiles
1674 1837 1870 1889 deinceps

183 1924 215 1947 2³1
237 1911 515 1964 proprietates
548 1915 654 1957 sunt,
688 1910 763 1948 sed
796 1922 900 1947 unus
933 1908 1104 1947 effectus
1138 1909 1234 1955 uitii,
1267 1907 1343 1947 sibi
1367 1907 1599 1960 displicere·
1638 1906 1720 1947 hoc
1742 1908 1871 1946 oritur

236 1982 289 2021 ab
322 1980 567 2032 intemperie
600 1981 725 2019 animi
764 1986 806 2019 et
839 1979 1133 2031 cupiditatibus
1166 1979 1321 2018 timidis
1354 1985 1424 2018 aut
1455 1991 1603 2030 parum
1632 1979 1866 2030 prosperis:

236 2052 306 2091 ubi
339 2058 411 2091 aut
443 2064 526 2090 non
559 2051 726 2098 audent,
760 2055 962 2102 quantum
996 2051 1304 2101 concupiscunt,
1339 2055 1410 2088 aut
1443 2062 1527 2087 non
1560 2054 1871 2101 consequuntur

236 2129 279 2162 et
321 2123 358 2161 in
401 2135 521 2174 spem
563 2123 642 2161 toti
684 2122 936 2173 prominent.
998 2133 1165 2172 semper
1206 2119 1419 2159 instabiles
1463 2118 1725 2171 mobilesque
1763 2124 1870 2167 sunt,

240 2252 251 2284 l
284 2252 469 2292 euthymian
593 2250 612 2281 :3
641 2250 780 2280 formam
802 2247 1017 2282 deleriores:
1049 2249 1154 2279 forma
1275 2248 1295 2281 4
1323 2248 1551 2289 appellationis
1662 2248 1682 2281 5
1708 2248 1869 2289 querimus

356 2309 375 2342 (3
404 2310 528 2350 aequali
556 2308 723 2353 Ll'psius:
753 2308 876 2349 equalis
997 2307 1017 2341 7
1045 2308 1182 2349 aspiciat
1307 2306 1346 2340 153
1373 2308 1406 2338 hi
1434 2307 1469 2349 <h
1496 2306 1607 2348 corr.)
1738 2306 1771 2339 14
1802 2306 1870 2337 alli-

235 2374 330 2411 gatos
460 2368 495 2401 19
523 2372 720 2410 componunt
855 2368 899 2399 Qu
926 2367 1135 2398 reformando
1155 2365 1274 2399 Isocll:
1305 2367 1478 2397 formando
1506 2365 1583 2399 cod.
1611 2369 1645 2399 et
1661 2363 1781 2410 Ἰιθιῖφ),
1806 2363 1872 2398 sed

236 2429 382 2461 mutacio
407 2431 521 2461 slatus
554 2426 758 2461 necessario
792 2424 1033 2471 szqnificmzda
1067 2432 1145 2459 erat
1289 2425 1333 2458 ‘22
1368 2426 1524 2458 nouandi-1
1553 2429 1590 2465 (Π
1618 2426 1728 2463 corr.)

237 2490 279 2521 2225
320 2488 520 2518 constantiae
555 2487 715 2518 beneficio
746 2485 864 2519 Koch:
895 2486 1097 2516 constantiae
1124 2485 1201 2515 uitio
1236 2482 1314 2518 cod.
1343 2483 1442 2528 qnod
1465 2494 1681 2528 quamquam
1709 2481 1871 2526 defendit

236 2544 399 2590 Maduiq,
436 2545 597 2589 equidem
632 2556 701 2577 non
730 2554 879 2589 possum.
906 2554 977 2577 non
999 2553 1159 2588 prorsus
1185 2541 1409 2576 intolerabile
1435 2545 1468 2576 et
1494 2541 1760 2586 discrepantiae
1785 2540 1870 2574 uitio

236 2605 472 2638 rce'eclaneum
521 2603 670 2643 (lucere,
709 2614 787 2636 cum
827 2601 1033 2646 beneficium
1071 2612 1142 2635 non
1176 2601 1292 2634 mimas
1324 2601 1475 2635 inertiae
1508 2612 1614 2645 quam
1650 2599 1872 2634 constantiae

235 2662 436 2700 conueniat,
464 2661 502 2694 id
527 2662 624 2706 qnod
649 2661 828 2696 lecculetzto
854 2659 1020 2705 exemplo
1042 2659 1225 2705 probatur
1250 2658 1351 2704 apud
1380 2657 1456 2693 Vccl.
1485 2657 1591 2695 Max.
1612 2663 1642 2701 5,
1664 2662 1694 2698 5,
1713 2661 1731 2691 4
1752 2659 1871 2690 licebat

237 2723 440 2763 ignorantiae
467 2722 627 2752 beneficio
654 2722 816 2752 innocenti
844 2721 967 2755 uiuere:
998 2717 1044 2763 (s.
1063 2723 1257 2764 praeterea
1278 2717 1360 2752 Seu.
1389 2717 1433 2752 de
1459 2718 1516 2751 ira
1543 2720 1574 2758 3,
1603 2720 1633 2761 2,
1663 2720 1676 2750 1
1709 2717 1870 2748 beneficio

236 2781 407 2820 egestatis;
437 2778 481 2812 (le
507 2779 562 2811 ira
585 2782 612 2819 l,
633 2782 663 2817 8,
684 2783 699 2811 7
731 2780 864 2810 rationis
891 2778 1073 2814 l)enelicio;
1103 2777 1153 2810 ad
1178 2776 1292 2811 Marc.
1314 2780 1344 2816 2,
1366 2780 1396 2817 5,
1428 2779 1439 2809 1
1471 2778 1582 2808 mortis
1609 2777 1768 2807 beneficio

236 2839 346 2879 inertie
357 2849 375 2866 ὸ(-
481 2840 588 2869 uiuunt
608 2844 639 2879 (u
659 2843 741 2871 {mle
759 2850 778 2869 n
798 2838 831 2870 iu
852 2838 940 2877 ras.)
1040 2836 1080 2870 ‘ll
1110 2842 1259 2878 ceperunt
1358 2838 1401 2869 2&
1421 2836 1586 2866 instabiles
1605 2835 1644 2878 (st
1663 2835 1774 2876 corr.)

1889 501 1909 534 ‚Lx

1895 1206 1915 1240 ti

1990 3185 2008 3221 {⁸2
1996 3162 2008 3175 ο
