2008 3221
243 121 325 161 258
467 118 571 145 DIAL.
593 114 645 145 XI.
684 119 738 143 AD
760 118 941 144 HELVIAM
963 118 1135 144 MATREM
1158 118 1210 144 DE
1231 118 1553 147 CONSOLATIONE.
1595 120 1637 146 10.

242 223 304 256 est
346 222 410 256 tot
443 215 599 256 artibus
632 216 764 255 uentri
796 215 1095 255 seruientibus?
1148 216 1248 269 quid
1281 217 1547 256 mercaturis?
1601 200 1699 270 quid
1731 224 1866 258 uasta-

241 288 354 327 tione
396 287 619 326 siluarum?
672 287 772 339 quid
810 286 1004 339 profundi
1035 289 1391 339 perscrutatione?
1443 289 1599 340 passim
1632 289 1766 328 iacent
1798 290 1867 329 ali-

242 365 394 405 menta,
427 371 532 409 quae
564 371 703 396 rerum
736 363 884 396 natura
915 357 1110 396 omnibus
1143 357 1243 397 locis
1277 358 1490 411 disposuit,
1523 359 1598 398 sed
1630 358 1734 399 haec
1757 359 1870 400 uelut

241 429 351 468 caeci
383 434 598 467 transeunt
630 434 671 467 et
705 441 852 467 omnes
885 429 1076 480 regiones
1108 434 1401 480 peruagantur,
1434 429 1564 469 maria
1595 430 1783 470 traiciunt
1815 437 1869 479 et,

205 517 218 539 ς,
241 513 333 538 cum
367 498 522 538 famem
556 499 710 550 exiguo
744 499 903 551 possint
935 500 1104 546 sedare,
1139 512 1295 551 magno
1328 499 1504 539 inritant.
1568 499 1669 540 libet
1701 502 1864 541 dicere:

188 871 216 895 Ιυ

185 1582 217 1607 20

238 571 336 622 quid
380 570 583 609 deducitis
625 571 781 608 naues?
835 570 933 621 quid
974 583 1119 609 manus
1152 575 1193 609 et
1225 571 1425 610 aduersus
1457 570 1563 610 feras
1596 577 1637 611 et
1670 573 1869 612 aduersus

238 641 428 680 homines
462 629 657 680 armatis?
702 641 800 692 quid
831 646 948 679 tanto
978 640 1158 680 tumultu
1181 641 1430 680 discurritis?
1474 642 1571 693 quid
1594 655 1697 694 opes
1720 643 1869 695 opibus

238 712 460 763 adgeritis?
514 725 599 751 non
642 711 765 750 uoltis
807 712 1013 763 cogitare,
1055 726 1181 764 quam
1226 725 1356 764 parua
1398 712 1518 752 uobis
1551 726 1730 765 corpora
1760 714 1868 754 sint?

237 797 376 822 nonne
419 782 531 822 furor
574 789 615 822 et
658 782 826 822 ultimus
871 783 1073 822 mentium
1117 797 1231 822 error
1273 790 1357 831 est,
1400 797 1494 822 cum
1538 789 1625 823 tam
1669 784 1868 837 exiguum

238 855 392 908 capias,
426 867 578 907 cupere
610 860 697 892 tam
731 853 934 893 multum?
987 854 1082 894 licet
1114 855 1252 906 itaque
1284 856 1471 906 augeatis
1504 868 1663 903 census,
1695 869 1866 909 promo-

238 926 367 964 ueatis
400 925 528 965 fines:
574 938 802 977 numquam
835 932 977 964 tamen
1010 939 1189 978 corpora
1222 932 1360 965 uestra
1381 925 1586 965 laxabitis.
1641 940 1736 966 cum
1759 927 1868 966 bene

237 997 405 1036 cesserit
437 997 679 1049 negotiatio,
714 996 892 1036 multum
927 996 1069 1036 militia
1101 996 1315 1045 rettulerit,
1349 1010 1443 1036 cum
1473 998 1657 1050 indagati
1687 998 1868 1051 undique

237 1068 315 1107 cibi
349 1069 536 1116 coierint,
570 1082 655 1107 non
687 1068 905 1116 habebitis,
940 1069 1008 1107 ubi
1041 1069 1142 1108 istos
1175 1069 1400 1120 adparatus
1434 1075 1597 1108 uestros
1629 1069 1867 1110 conlocetis.

236 1141 334 1192 quid
367 1147 454 1179 tam
489 1139 618 1178 multa
651 1140 914 1191 conquiritis?
968 1140 1121 1179 scilicet
1154 1141 1332 1179 maiores
1364 1140 1506 1188 nostri,
1539 1153 1717 1193 quorum
1741 1142 1868 1180 uirtus

201 1227 214 1251 5
237 1212 474 1250 etiamnunc
506 1212 602 1250 uitia
634 1218 777 1251 nostra
809 1218 1026 1259 sustentat,
1060 1211 1239 1251 infelices
1273 1218 1400 1259 erant,
1433 1212 1501 1263 qui
1533 1212 1609 1251 sibi
1639 1226 1763 1251 manu
1793 1227 1867 1252 sua

235 1283 437 1335 parabant
477 1283 638 1331 cibum,
681 1283 830 1335 quibus
863 1289 973 1322 terra
1005 1283 1138 1322 cubile
1171 1289 1280 1331 erat,
1323 1296 1501 1334 quorum
1534 1289 1647 1322 tecta
1678 1285 1865 1323 nondum

234 1367 334 1393 auro
368 1353 595 1406 fulgebant,
628 1368 805 1406 quorum
839 1353 998 1406 templa
1030 1355 1218 1393 nondum
1252 1354 1431 1406 gemmis
1464 1354 1665 1393 nitebant.
1727 1355 1866 1408 itaque

233 1432 332 1464 tunc
374 1439 448 1477 per
490 1425 635 1465 fictiles
679 1426 782 1464 deos
827 1425 1018 1477 religiose
1050 1425 1274 1464 iurabatur.
1336 1425 1404 1476 qui
1438 1424 1527 1464 illos
1560 1425 1866 1475 inuocauerant,

238 1497 291 1535 ad
329 1496 496 1536 hostem
538 1489 745 1544 morituri,
788 1510 839 1535 ne
873 1495 1080 1543 fallerent,
1124 1495 1325 1535 redibant.
1388 1495 1542 1535 scilicet
1575 1496 1709 1536 minus
1741 1497 1866 1537 beate

239 1567 407 1607 uiuebat
440 1568 619 1607 dictator
657 1573 819 1619 noster⁷
863 1567 930 1619 qui
963 1565 1211 1606 Samnitium
1246 1566 1408 1618 legatos
1441 1566 1589 1614 audiit,
1630 1580 1724 1606 cum
1758 1567 1864 1607 uilis-
1917 1578 1919 1584 ’

235 1639 386 1677 simum
419 1638 557 1678 cibum
590 1640 629 1692 in
662 1637 758 1677 foco
791 1639 878 1690 ipse
912 1651 1036 1677 manu
1070 1651 1143 1676 sua
1176 1643 1370 1685 uersaret,
1404 1636 1480 1685 illa,
1513 1650 1595 1689 qua
1627 1637 1708 1677 iam
1740 1652 1866 1691 saepe

234 1710 401 1749 hostem
441 1715 701 1761 percusserat
734 1708 1002 1760 laureamque
1035 1710 1073 1747 in
1108 1707 1327 1761 Capitolini
1359 1708 1468 1747 Iouis
1501 1709 1662 1760 gremio
1694 1722 1863 1761 reposu-

235 1788 334 1829 erat,
367 1794 491 1833 quam
526 1780 700 1832 Apicius
734 1786 877 1819 nostra
910 1780 1114 1819 memoria
1148 1780 1261 1828 uixit,
1295 1780 1363 1832 qui
1395 1780 1434 1818 in
1467 1793 1516 1818 ea
1549 1779 1662 1827 urbe,
1696 1794 1750 1819 ex
1783 1794 1865 1832 qua

234 1852 455 1904 aliquando
499 1851 735 1903 philosophi
778 1850 890 1890 uelut
934 1857 1199 1903 corruptores
1232 1851 1453 1890 iuuentutis
1487 1850 1599 1889 abire
1633 1851 1726 1889 iussi
1759 1856 1865 1899 sunt,

201 1939 213 1961 ⁷,
234 1923 447 1962 scientiam
487 1922 667 1975 popinae
699 1920 911 1973 professus
945 1921 1159 1973 disciplina
1191 1935 1265 1960 sua
1297 1920 1508 1960 saeculum
1541 1920 1689 1960 infecit.
1753 1921 1865 1960 cuius

235 1994 395 2033 exitum
435 2006 558 2032 nosse
597 2006 751 2045 operae
784 1993 962 2045 pretium
997 1999 1070 2032 est.
1134 2006 1228 2031 cum
1262 1993 1498 2031 sestertium
1533 1991 1692 2031 miliens
1724 1992 1763 2031 in
1796 2005 1862 2031 cu-

233 2064 357 2103 linam
392 2065 653 2111 coniecisset,
688 2077 782 2103 cum
816 2071 880 2103 tot
913 2064 1124 2115 congiaria
1156 2064 1387 2116 principum
1422 2070 1461 2102 et
1495 2063 1640 2115 ingens
1674 2061 1865 2115 Capitolii

234 2135 412 2187 uectigal
444 2135 612 2187 singulis
635 2135 1044 2174 commissationibus
1068 2135 1334 2186 exorpsisset,
1369 2148 1463 2173 aere
1486 2133 1620 2173 alieno
1640 2147 1864 2186 oppressus

235 2207 415 2246 rationes
462 2220 557 2245 suas
599 2212 698 2245 tunc
741 2207 919 2258 primum
963 2213 1133 2245 coactus
1177 2205 1381 2257 inspexit:
1439 2203 1745 2257 superfuturum
1788 2204 1863 2244 sibi

239 2382 246 2413 l
286 2383 361 2423 quid
389 2384 578 2414 moraturis
605 2381 684 2415 olim
713 2392 828 2417 corn:
858 2383 944 2424 qnod
972 2373 1124 2413 mercati<
1327 2380 1346 2413 3
1375 2382 1532 2422 ιὶίςροςιιίῑ
1559 2380 1636 2414 cml.
1665 2384 1697 2414 el
1725 2385 1864 2415 ueteres

233 2441 418 2482 erle'lz'ones,
446 2443 594 2483 deposuit
613 2440 761 2476 Fickert
783 2446 816 2475 e!
839 2441 958 2475 Haase
1080 2441 1099 2471 Γ)
1126 2441 1213 2474 fam&
1241 2442 1390 2482 inexiguo
1512 2438 1533 2473 8
1559 2440 1713 2481 aggeritis
1741 2440 1864 2484 (prior

232 2513 253 2541 g
280 2511 375 2534 corr.
404 2511 453 2534 ex
480 2502 513 2539 d)
652 2502 744 2532 uultis
771 2503 802 2542 (u
830 2504 939 2542 corr.)
1085 2501 1123 2533 ll>
1159 2501 1257 2531 multa
1285 2498 1362 2533 cod.
1390 2499 1521 2530 multum
1551 2497 1768 2539 deteriores,
1797 2504 1860 2530 tani

234 2561 366 2591 multum
388 2558 498 2601 li'oclt,
526 2560 573 2603 ss.
597 2562 635 2593 14
656 2561 732 2602 qnid
751 2565 817 2591 iam
838 2561 937 2592 multa
965 2559 1173 2601 conquiritis?
1301 2558 1332 2591 l]
1367 2558 1518 2589 laxabitis
1544 2558 1610 2599 (itis
1633 2560 1742 2598 corr.)

240 2644 275 2676 1'3
312 2644 439 2674 cesserit
469 2642 593 2687 Halym
623 2644 756 2683 gesserit
929 2643 968 2675 12³,
1005 2647 1178 2684 apparatus
1354 2641 1388 2674 14
1426 2626 1522 2672 uirius
1549 2649 1576 2681 (s
1603 2652 1645 2673 m.
1672 2642 1743 2685 pr.)

240 2702 276 2734 Ιῖ)
313 2703 454 2733 infelices
482 2707 567 2733 crant
597 2707 693 2736 (aule
719 2706 807 2734 erant
835 2704 924 2744 ras.)
1111 2703 1156 2734 ⁴2⁴)
1189 2702 1242 2742 qui
1269 2702 1423 2733 samnilifi
1452 2701 1548 2740 (aule
1575 2712 1588 2730 s
1616 2701 1703 2741 ras.)

233 2762 276 2794 22
311 2767 493 2803 reposuerat
523 2770 569 2792 ‹re
587 2762 619 2794 in
641 2762 729 2803 νας.)
844 2762 887 2795 ⁴212
916 2762 1030 2793 millies
1058 2768 1104 2802 (es
1122 2761 1155 2793 sn
1176 2762 1262 2794 1715.)
1376 2761 1420 2793 2⁸
1448 2761 1690 2793 comisationib:
1810 2770 1862 2789 cx-

232 2829 310 2887 miili
317 2864 375 2888 <sel

1896 512 1915 545 b*

1895 1148 1913 1157 ,-

1901 1160 1909 1181 1

1892 2000 1912 2030 ll
