2008 3221
256 103 309 141 90
762 100 865 126 DIAL.
888 101 920 126 V.
963 100 1014 125 DE
1035 100 1102 126 IRA
1123 99 1196 125 LIB.
1220 99 1270 125 111.
1310 102 1336 126 5.
1358 103 1383 125 (i.

252 202 394 247 potest
437 202 662 247 expectare
704 195 927 235 fortunam.
990 209 1142 236 nocere
1185 197 1221 235 ei
1271 208 1396 248 quem
1446 196 1557 243 odit,
1610 209 1692 235 non
1746 193 1883 235 noceri

251 265 349 305 uult.
411 265 506 304 nihil
549 272 611 305 est
653 266 928 305 simultatibus
961 267 1152 318 grauius:
1201 266 1277 306 has
1319 266 1377 305 ira
1418 265 1622 306 conciliat.
1683 265 1779 305 nihil
1821 273 1883 306 est

251 336 362 375 bello
395 336 616 375 funestius:
665 337 704 374 in
748 335 829 376 hoc
872 337 1110 389 potentium
1143 338 1201 376 ira
1232 338 1476 389 prorumpit.
1538 343 1724 377 ceterum
1757 337 1882 376 etiam

250 406 316 445 illa
337 406 501 458 plebeia
533 406 591 445 ira
623 412 666 445 et
689 408 848 458 priuata
880 408 1038 447 inerme
1070 414 1113 447 et
1144 409 1230 447 sine
1262 407 1416 447 uiribus
1447 407 1601 447 bellum
1636 414 1710 464 est.
1762 421 1880 460 prae-

213 494 228 515 ς,
249 483 364 515 terea
396 477 464 525 ira,
496 483 540 516 ut
568 490 834 529 seponamus,
867 492 975 531 quae
1007 492 1112 518 mox
1145 485 1336 518 secutura
1367 485 1473 527 sunt,
1506 479 1673 526 damna,
1706 479 1881 525 insidias,

248 553 494 599 perpetuam
527 561 582 586 ex
615 548 910 588 certaminibus
943 550 1096 588 mutuis
1119 549 1450 596 sollicitudinem,
1483 550 1558 588 dat
1588 562 1746 601 poenas
1780 550 1880 588 dum

248 618 403 668 exigit:
450 624 642 657 naturam
686 619 865 659 hominis
908 621 1049 660 eiurat.
1111 619 1178 659 illa
1215 620 1255 658 in
1297 633 1487 659 amorem
1526 618 1736 668 hortatur,
1778 619 1881 659 haec

247 689 285 726 in
318 689 473 728 odium.
532 688 598 728 illa
630 691 833 742 prodesse
866 691 990 738 iubet,
1024 690 1128 730 haec
1159 704 1323 730 nocere.
1386 691 1504 729 adice
1534 691 1662 742 quod,
1695 704 1789 730 curn
1822 691 1878 729 in-

247 759 433 811 dignatio
477 761 562 799 eius
605 774 629 799 a
670 761 797 800 nimio
843 762 903 801 sui
945 768 1140 814 suspectu
1184 767 1321 801 ueniat
1366 768 1408 800 et
1450 762 1639 800 animosa
1681 761 1879 805 uideatur,

196 845 225 868 10
247 829 391 881 pusilla
422 837 485 870 est
517 837 559 870 et
591 839 779 883 angusta.
822 846 948 871 nemo
981 833 1091 871 enim
1125 846 1209 872 non
1243 846 1306 880 eo,
1339 846 1363 871 a
1394 846 1478 884 quo
1510 845 1555 871 se
1587 838 1877 884 contemptum

246 901 410 948 iudicat,
444 902 580 941 minor
612 908 701 942 est:
747 910 790 942 at
832 902 896 942 ille
939 903 1085 955 ingens
1118 904 1277 942 animus
1320 909 1361 942 et
1393 917 1513 942 uerus
1545 903 1789 942 aestimator
1820 904 1880 942 sui

246 985 330 1010 non
373 972 553 1012 uindicat
594 973 800 1022 iniuriam,
845 975 941 1026 quia
981 988 1066 1013 non
1099 975 1234 1013 sentit.
1307 980 1351 1013 ut
1383 973 1467 1014 tela
1505 988 1529 1013 a
1562 975 1667 1013 duro
1700 973 1880 1013 resiliunt

246 1048 286 1081 et
320 1056 414 1081 cum
448 1043 596 1082 dolore
628 1045 840 1084 caedentis
873 1044 1008 1084 solida
1040 1044 1260 1093 feriuntur,
1302 1046 1358 1084 ita
1400 1044 1509 1084 nulla
1551 1058 1750 1097 magnum
1794 1045 1876 1084 ani-

245 1126 361 1152 mum
394 1114 537 1154 iniuria
567 1114 620 1153 ad
642 1128 810 1154 sensum
844 1116 904 1155 sui
926 1116 1107 1164 adducit,
1141 1115 1322 1167 fragilior
1354 1130 1405 1155 eo
1429 1117 1543 1168 quod
1566 1116 1681 1168 petit.
1721 1121 1877 1168 quanto

194 1197 223 1221 15
244 1184 451 1234 pulchrius
484 1185 596 1224 uelut
628 1185 726 1225 nulli
758 1186 1061 1238 penetrabilem
1095 1186 1180 1225 telo
1214 1188 1349 1226 omnis
1392 1187 1552 1226 iniurias
1586 1186 1876 1226 contumelias-

243 1268 324 1306 que
357 1259 574 1307 respuere!
612 1256 713 1296 ultio
748 1256 903 1296 doloris
927 1257 1133 1297 consessio
1167 1264 1253 1296 est:
1290 1272 1375 1296 non
1409 1264 1471 1297 est
1496 1271 1673 1309 magnus
1705 1258 1876 1305 animus,

242 1339 367 1377 quem
400 1326 585 1366 incuruat
618 1328 769 1367 iniuria.
831 1335 902 1367 aut
945 1329 1158 1380 potentior
1199 1335 1241 1368 te
1283 1334 1353 1367 aut
1397 1328 1624 1367 inbecillior
1655 1328 1798 1368 laesit:
1844 1329 1876 1368 si

241 1395 479 1445 inbecillior,
512 1411 636 1449 parce
670 1398 733 1443 illi,
767 1400 798 1437 si
832 1399 1058 1450 potentior,
1092 1400 1176 1438 tibi.

359 1466 431 1506 VI.
480 1468 651 1507 Nullum
685 1475 747 1508 est
780 1476 1075 1521 argumentum
1110 1470 1406 1522 magnitudinis
1440 1470 1588 1508 certius
1621 1483 1746 1522 quam
1779 1469 1877 1509 nihil

187 1556 220 1579 20
240 1550 366 1589 posse
408 1554 492 1591 quo
535 1540 738 1591 instigeris
781 1542 979 1580 accidere.
1043 1555 1138 1594 pars
1180 1542 1366 1593 superior
1399 1541 1543 1580 mundi
1575 1546 1616 1580 et
1648 1541 1877 1580 ordinatior

241 1621 289 1647 ac
321 1611 553 1663 propinqua
584 1611 787 1651 sideribus
820 1625 896 1651 nec
929 1613 967 1650 in
1001 1613 1155 1651 nubem
1200 1614 1364 1664 cogitur
1395 1626 1471 1651 nec
1503 1612 1543 1651 in
1574 1617 1874 1663 tempestatem

239 1679 445 1730 inpellitur
476 1695 552 1720 nec
586 1689 772 1722 uersatur
804 1685 842 1722 in
876 1683 1096 1723 turbinem.
1146 1683 1259 1722 omni
1291 1682 1471 1722 tumultu
1504 1689 1626 1722 caret.
1685 1681 1875 1722 inferiora

239 1749 513 1791 fulminantur.
575 1754 729 1792 eodem
762 1755 894 1793 modo
927 1754 1111 1793 sublimis
1145 1755 1325 1801 animus,
1368 1755 1530 1805 quietus
1563 1767 1730 1806 semper
1762 1759 1803 1792 et
1834 1754 1873 1792 in

238 1824 418 1861 statione
451 1823 668 1876 tranquilla
702 1824 961 1872 conlocatus,
1006 1827 1145 1864 omnia
1178 1826 1283 1864 intra
1314 1838 1358 1863 se
1390 1838 1602 1876 premens,
1636 1824 1785 1877 quibus
1817 1825 1874 1864 ira

185 1900 218 1925 2⁵
239 1893 515 1942 contrahitur,
559 1896 777 1934 modestus
821 1902 862 1934 et
904 1895 1148 1934 uenerabilis
1198 1901 1260 1934 est
1303 1901 1343 1933 et
1388 1895 1635 1947 dispositus;
1693 1908 1871 1947 quorum

237 1963 333 2003 nihil
376 1952 556 2004 inuenies
600 1967 637 2004 in
682 1967 797 2005 irato.
860 1968 949 2018 quis
992 1968 1099 2005 enim
1144 1966 1319 2005 traditus
1363 1965 1496 2005 dolori
1538 1972 1579 2005 et
1618 1965 1755 2005 furens
1787 1979 1871 2005 non

236 2036 411 2087 primam
448 2038 586 2075 reiecit
620 2038 941 2076 uerecundiam?
995 2038 1084 2089 quis
1128 2037 1268 2089 inpetu
1312 2032 1501 2075 turbidus
1541 2043 1582 2076 et
1620 2037 1659 2075 in
1692 2036 1870 2089 aliquem

238 2119 359 2144 ruens
392 2119 475 2145 non
509 2108 709 2159 quidquid
742 2109 780 2146 in
813 2120 857 2146 se
893 2108 1116 2147 uerecundi
1147 2107 1293 2146 habuit
1335 2107 1510 2147 abiecit?
1545 2109 1607 2147 cui
1638 2106 1870 2147 officiorum

237 2189 432 2215 numerus
466 2179 675 2217 aut-ordo
710 2179 892 2217 constitit
925 2180 1117 2218 incitato?
1156 2180 1245 2230 quis
1278 2178 1440 2230 linguae
1473 2180 1748 2230 temperauit?
1781 2180 1871 2231 quis

183 2253 216 2278 30
237 2246 360 2285 ullam
405 2254 566 2299 partem
611 2251 796 2300 corporis
838 2251 995 2288 tenuit?
1049 2251 1138 2301 quis
1180 2263 1224 2288 se
1269 2262 1413 2300 regere
1455 2251 1589 2301 potuit
1629 2250 1868 2288 inmissum?

1911 272 1930 301 (3

1910 1476 1920 1509 l

1898 1974 1918 2005 δύ

235 2318 421 2369 proderit
455 2319 575 2357 nobis
609 2319 705 2364 illud
729 2320 962 2359 Democriti
983 2320 1162 2359 salutare
1191 2326 1473 2372 praeceptum,
1507 2333 1590 2372 quo
1614 2326 1870 2359 monstratur
1896 2327 1915 2355 :t

240 2518 250 2549 1
283 2519 424 2548 noceri*
459 2520 521 2559 uult
654 2518 660 2550 i
692 2520 819 2560 plebeia
849 2521 893 2556 (ia
923 2524 1034 2555 corr.)
1157 2520 1177 2552 6
1206 2530 1305 2560 penas·
1427 2521 1446 2549 ἱ)
1474 2530 1492 2549 a
1520 2519 1620 2549 nimio
1647 2520 1693 2549 sui
1720 2528 1866 2561 suspectu

234 2577 340 2607 ueniat
370 2575 438 2609 EQ:
470 2579 521 2608 ani
551 2578 744 2618 misus-ptem
780 2580 905 2609 eueniat
940 2576 1018 2611 (nd.
1046 2576 1112 2610 Sed
1136 2579 1242 2609 ueniat
1270 2575 1490 2610 cmlsneludo
1525 2576 1686 2611 Senecae
1708 2577 1867 2620 postula!

377 2636 421 2668 ‘3¹¹
448 2647 593 2676 Ῥωμαῖε-εν
624 2636 712 2669 (ras.
741 2636 885 2670 circiter
912 2637 1017 2670 {rium
1046 2635 1258 2674 litterarum,
1293 2646 1342 2670 ecc
1368 2635 1497 2680 quihus·
1523 2647 1540 2666 a
1567 2637 1601 2669 2'72.
1628 2636 1697 2671 line
1724 2636 1867 2672 uidetur·

233 2704 436 2738 superesse)
464 2706 527 2735 quo
635 2696 784 2736 accipere
811 2698 846 2737 (p
873 2695 906 2728 in
936 2697 955 2726 d
983 2701 1092 2734 corr.)
1200 2697 1243 2728 223
1273 2695 1457 2727 fulminatur
1483 2698 1592 2734 <ufmu-
1618 2695 1652 2727 l'n
1680 2700 1769 2731 ras.)

234 2752 275 2786 2-'0
306 2753 483 2784 collocatus
511 2754 577 2784 icol
605 2754 637 2786 in
668 2761 756 2793 ras.)
882 2755 962 2785 infra
993 2753 1186 2793 (lrulerus,
1222 2753 1320 2798 quod
1345 2753 1395 2787 ml
1420 2765 1567 2795 premens
1594 2754 1866 2788 amomumdure

235 2811 303 2844 ula:
329 2811 420 2854 licet,
449 2810 592 2845 deberet
620 2823 697 2845 esse
725 2813 804 2844 insi-a
832 2826 864 2844 se
891 2814 1002 2844 uidem
1101 2813 1138 2844 131
1173 2814 1238 2844 illut
1267 2817 1291 2851 (t
1318 2812 1351 2845 in
1381 2813 1402 2843 d
1429 2816 1539 2850 corr.)
