1977 3231
79 250 98 283 ὃ

77 2154 97 2186 δύ

323 136 426 161 Β1Α1,.
450 135 502 161 XI.
542 135 596 160 AD
617 135 796 160 HELva
818 134 988 160 MATRIQM
1014 134 1063 159 DE
1084 133 1404 159 CONSOLATIONE.
1447 133 1486 159 13.
1510 134 1549 158 1-1.
1660 134 1742 174 263

126 234 254 273 uideri
285 233 324 271 in
357 245 441 285 quo
474 230 670 272 Socrates
704 238 801 271 crat.
855 232 943 284 quis
977 246 1106 284 usque
1138 244 1189 270 eo
1221 231 1274 269 ad
1307 229 1641 282 conspiciendam
1675 242 1742 268 ue-

125 305 289 343 ritatem
332 308 580 342 excaecatus
622 309 704 350 est,
755 309 798 342 ut
841 303 1108 354 ignominiam
1152 307 1269 354 putet
1311 300 1367 339 M.
1412 299 1581 339 Catonis
1622 298 1745 337 fuisse

127 373 332 426 duplicem
365 374 403 412 in
436 374 637 426 petitione
669 379 885 425 praeturae
918 379 958 412 et
992 372 1229 412 consulatus
1252 371 1485 424 repulsam?
1518 369 1745 421 ignominia

124 445 189 484 illa
233 451 451 497 praeturae
494 451 534 484 et
578 443 814 483 consulatus
854 443 946 490 fuit,
989 444 1135 495 quibus
1168 457 1220 481 ex
1258 441 1419 481 Catone
1451 440 1586 480 honor
1617 440 1742 478 habe-

124 585 287 625 humilis
330 593 370 625 et
412 586 620 637 proiectus
653 585 812 624 animus
845 590 908 623 est
941 584 1004 623 isti
1037 583 1312 623 contumeliae
1345 589 1629 635 opportunus:
1676 584 1743 633 qui

125 670 223 696 uero
256 657 454 696 aduersus
487 656 750 695 saeuissimos
782 668 901 694 casus
933 668 977 693 se
1010 654 1171 694 extollit
1205 661 1245 693 et
1278 667 1339 709 ea·
1359 652 1478 700 mala,
1511 653 1658 704 quibus
1681 651 1745 691 alii

124 728 433 780 opprimuntur,
477 726 636 778 euertit,
669 727 778 779 ipsas
811 725 994 764 miserias
1028 724 1244 763 insularum
1278 724 1371 763 loco
1403 724 1541 767 habet,
1575 723 1743 775 quando

124 799 181 838 ita
213 798 362 837 adfecti
396 811 548 845 sumus,
582 803 626 835 ut
659 796 755 835 nihil
788 810 921 848 aeque
954 809 1149 847 magnam
1184 796 1295 847 apud
1328 808 1404 833 nos
1427 794 1743 833 admirationem

125 874 317 921 occupet,
361 881 487 920 quam
530 867 660 906 homo
700 867 859 905 sortiter
891 867 1024 905 miser.
1089 866 1319 906 ducebatur
1352 864 1531 904 Athenis
1563 866 1617 904 ad
1650 878 1743 917 sup-

124 941 289 993 plicium
323 938 549 986 Aristides,
591 940 651 977 cui
685 938 866 989 quisquis
900 943 1155 983 occurrerat,
1201 936 1405 974 deiciebat
1438 935 1581 974 oculos
1614 942 1655 974 et
1686 935 1743 973 in-

124 1011 415 1063 gemescebat,
460 1023 542 1048 non
587 1016 802 1061 tamquam
846 1009 883 1047 in
922 1008 1135 1047 hominem
1168 1008 1318 1046 iustum
1352 1007 1425 1045 sed
1460 1012 1673 1063 tamquam
1707 1006 1745 1044 in

123 1083 255 1134 ipsam
309 1081 502 1120 iustitiam
556 1081 962 1119 animaduerteretur.
1027 1079 1216 1117 inuentus
1268 1084 1329 1116 est
1376 1083 1538 1124 tamen,
1590 1077 1659 1128 qui
1707 1077 1745 1114 in

124 1152 270 1192 faciem
305 1152 388 1191 eius
423 1152 656 1204 inspueret:
693 1156 860 1203 poterat
892 1150 948 1188 ob
981 1149 1061 1188 1106
1095 1148 1272 1188 moleste
1304 1143 1420 1194 ferre,
1453 1148 1567 1199 quod
1590 1146 1746 1186 sciebat

125 1224 334 1262 neminem
379 1223 418 1261 id
461 1235 654 1260 ausurum
702 1221 789 1272 puri
833 1221 915 1259 oris
990 1227 1031 1259 at
1074 1219 1139 1258 ille
1171 1219 1365 1258 abstersit
1398 1218 1542 1257 faciem
1577 1224 1617 1256 et
1650 1217 1743 1256 sub-

125 1295 263 1333 ridens
315 1294 370 1332 ait
421 1293 635 1332 comitanti
677 1305 722 1330 se
766 1291 1047 1348 magistratui:
1096 1290 1278 1329 admone
1319 1290 1464 1336 istum,
1508 1302 1558 1327 ne
1599 1295 1747 1341 postea

124 1371 211 1405 tarn
244 1364 420 1415 inprobe
452 1363 610 1402 oscitet.
674 1362 754 1401 hoc
783 1361 855 1401 fuit
886 1360 1180 1401 contumeliam
1205 1361 1279 1413 ipsi
1303 1359 1579 1399 contumeliae
1602 1358 1746 1398 facere.

125 1437 209 1475 scio
252 1436 458 1487 quosdam
503 1434 639 1473 dicere
681 1439 925 1485 contemptu
959 1431 1053 1471 nihil
1087 1445 1177 1471 esse
1211 1432 1395 1483 grauius,
1440 1436 1619 1469 mortem
1652 1429 1747 1481 ipsis

125 1506 333 1559 potiorem
375 1505 514 1544 uideri.
577 1504 638 1543 his
680 1517 761 1556 ego
803 1503 1072 1556 respondebo
1116 1509 1157 1542 et
1200 1501 1368 1541 exilium
1401 1514 1527 1552 saepe
1552 1507 1744 1540 ⁴contem-

124 1577 267 1629 ptione
310 1576 423 1614 omni
465 1589 612 1615 carere.
677 1576 707 1613 si
753 1587 928 1625 magnus
974 1574 1032 1612 uir
1075 1574 1242 1620 cecidit,
1287 1585 1462 1623 magnus
1495 1572 1620 1619 iacet,
1663 1585 1746 1610 non

125 1648 257 1699 magis
300 1647 411 1686 illum
456 1654 576 1699 putes
609 1646 842 1693 contemni,
885 1658 1009 1697 quam
1043 1658 1136 1684 cum
1170 1645 1334 1683 aedium
1367 1656 1576 1682 sacrarum
1610 1643 1747 1681 ruinae

125 1719 344 1765 calcantur,
376 1731 479 1769 quas
512 1716 687 1767 religiosi
720 1729 852 1768 aeque
883 1729 931 1755 ac
962 1716 1109 1755 stantis
1142 1716 1330 1754 adorant.

243 1788 356 1828 XIV.
422 1788 633 1840 Quoniam
677 1801 773 1826 meo
816 1787 985 1826 nomine
1027 1785 1122 1825 nihil
1163 1785 1314 1833 habes,
1363 1791 1496 1824 mater
1528 1784 1746 1832 carissima,

124 1860 239 1912 quod
281 1866 323 1899 te
364 1859 401 1898 in
444 1858 622 1898 infinitas
664 1858 853 1897 lacrimas
895 1864 1014 1909 agat,
1068 1857 1252 1908 sequitur
1292 1857 1340 1894 ut'
1379 1869 1527 1895 causae
1569 1861 1664 1894 tuae
1706 1860 1748 1893 te

124 1930 347 1970 stimulent.
396 1935 490 1968 sunt
523 1935 662 1968 autem
698 1930 825 1968 duae:
862 1941 958 1967 nam
991 1933 1061 1966 aut
1094 1927 1191 1966 illud
1224 1933 1267 1966 te
1299 1933 1453 1974 mouet,
1487 1927 1601 1978 quod
1630 1939 1746 1978 prae-
1794 1942 1801 1955 ›

124 2002 272 2041 sidium
305 2000 473 2052 aliquod
506 2000 655 2038 uideris
688 1999 893 2046 amisisse,
939 2004 1008 2038 aut
1041 1998 1150 2046 illud,
1181 1998 1296 2049 quod
1329 1997 1579 2037 desiderium
1613 1997 1745 2049 ipsum

124 2085 199 2124 per
230 2085 274 2111 se
306 2071 390 2123 pati
425 2084 507 2109 non
541 2077 673 2122 potes.

243 2143 356 2182 Prior
389 2155 482 2194 pars
516 2141 614 2180 mihi
646 2140 789 2180 leuiter
821 2128 1138 2193 perstringenda
1170 2145 1256 2179 est:
1294 2141 1388 2178 noui
1422 2140 1531 2178 enim
1564 2138 1747 2177 animum

125 2220 243 2254 tuum
286 2212 382 2261 nihil
425 2213 463 2251 in
505 2212 587 2250 suis
626 2217 791 2263 praeter
823 2213 935 2264 ipsos
967 2217 1191 2257 amantem.
1253 2211 1428 2249 uiderint
1460 2209 1551 2248 illae
1584 2216 1747 2255 matres

125 2297 232 2336 quae
263 2284 494 2336 potentiam
527 2282 748 2322 liberorum
783 2282 969 2321 muliebri
1002 2281 1231 2334 inpotentia
1262 2287 1472 2328 exercent,
1505 2294 1622 2333 quae,
1655 2279 1749 2332 quia

126 2354 286 2394 feminis
318 2354 499 2393 honores
531 2367 616 2393 non
647 2353 743 2393 licet
776 2367 944 2405 gerere,
977 2366 1050 2405 per
1083 2352 1172 2391 illos
1204 2352 1452 2391 ambitiosae
1483 2358 1599 2398 sunt,
1641 2364 1747 2402 quae

124 2425 374 2478 patrimonia
415 2423 590 2463 filiorum
633 2430 675 2464 et
718 2424 968 2463 exhauriunt
1011 2430 1051 2463 et
1094 2428 1286 2476 captant,
1329 2436 1435 2475 quae
1468 2422 1746 2474 eloquentiam

125 2589 145 2621 :3
172 2589 354 2620 consolatus
467 2587 486 2620 4
514 2594 638 2630 preture
660 2593 689 2619 et
708 2588 891 2619 consolatus
1004 2587 1023 2619 5
1052 2572 1272 2628 601116111ρι1112
1380 2570 1549 2627 60111ἐμῐιις
1570 2586 1597 2627 (s
1616 2596 1658 2617 m.
1674 2590 1747 2628 pr.)

781 2656 785 2660 ⁷
1434 2652 1450 2668 u

243 2684 262 2715 11
290 2686 333 2713 est
364 2681 488 2716 Gertz:
518 2683 556 2713 sit
678 2683 695 2713 Τ
733 2665 786 2712 ali¹
907 2682 927 2715 9
962 2682 1047 2723 apud
1076 2682 1110 2723 (d
1139 2682 1247 2722 corr.)
1351 2680 1388 2713 lsi
1425 2685 1521 2712 asuri]
1642 2686 1672 2710 at
1699 2678 1746 2717 (sn

126 2744 214 2780 ras.)
358 2741 396 2773 1⁸
429 2742 558 2782 grauius
585 2742 666 2783 (nius
693 2740 726 2773 in
754 2746 842 2782 ras.)
982 2741 1022 2773 111
1057 2745 1085 2771 et
1113 2739 1238 2773 ahesw
1263 2739 1381 2773 ηιιιίίηι
1531 2738 1748 2769 contemtione

245 2798 288 2832 ¹20
316 2800 395 2830 iacet
419 2798 543 2833 Gertz:
574 2801 669 2831 iacuit
792 2800 829 2833 21
862 2800 950 2831 illum
969 2805 1058 2840 putes
1076 2800 1238 2830 contemni
1256 2810 1352 2840 quam
1373 2810 1443 2829 eum
1465 2799 1590 2837 aedium
1614 2795 1744 2840 Neap.:

127 2858 215 2889 illum
243 2860 427 2900 contempni
455 2861 519 2900 quit
545 2860 622 2899 cdisl

92 533 98 560 ς
125 515 257 555 batur.
320 529 445 554 nemo
477 515 530 554 ab
563 515 642 554 alio
676 515 974 561 contemnitur,
1007 514 1079 552 nisi
1112 528 1135 553 a
1167 527 1211 551 sc
1244 519 1339 551 ante
1372 518 1638 564 contemptus
1670 517 1744 550 est.
1765 521 1779 543 .-·‚

1767 875 1798 900 10

1770 1227 1798 1251 15>

1767 1578 1799 1602 20

1768 2286 1801 2310 :50
