2008 3221
200 865 230 889 10

198 1224 225 1247 15

185 2287 216 2308 :iu

267 130 289 166 4
554 124 657 149 DIAL.
689 124 710 151 1.
740 124 873 156 QVARE
898 123 1046 156 ALIQVA
1073 123 1323 150 INCOMMODA
1348 124 1464 151 BONIS
1491 125 1595 151 VIRIS

263 221 488 260 constantis
531 221 649 259 animi
692 221 922 260 inruentem
966 219 1096 259 feram
1129 219 1337 275 uenabulo
1374 221 1557 274 excepit,
1600 222 1632 261 si
1664 221 1795 263 leonis
1826 222 1883 262 in-

256 305 421 331 cursum
465 292 670 330 interritus
713 290 900 343 pertulit;
949 296 1151 342 tantoque
1183 290 1264 330 hoc
1303 291 1587 344 spectaculum
1620 298 1683 332 est
1716 280 1883 345 gratius,

255 368 412 414 quanto
455 362 495 400 id
539 361 752 400 honestior
797 361 902 400 fecit.
965 375 1048 400 non
1094 367 1190 401 sunt
1231 362 1329 410 ista,
1371 375 1478 414 quae
1514 363 1675 415 possint
1706 363 1882 403 deorum

255 434 293 471 in
325 447 369 472 se
402 432 561 472 uoltum
596 432 861 479 conuertere,
903 431 1071 484 puerilia
1113 438 1155 471 et
1196 431 1403 472 humanae
1440 432 1752 474 oblectamenta
1784 433 1881 474 leui-

254 504 361 542 tatis.
426 517 522 542 ecce
553 502 836 555 spectaculum
880 502 1053 555 dignum
1096 503 1150 542 ad
1182 503 1300 554 quod
1332 503 1522 555 respiciat
1554 504 1734 544 intentus
1766 505 1881 557 operi

252 588 327 613 suo
371 575 495 622 deus,
538 587 635 613 ecce
677 587 751 625 par
793 574 875 612 deo
918 573 1117 625 dignum,
1169 573 1227 612 uir
1269 572 1384 613 fortis
1427 587 1521 613 cum
1563 574 1727 614 fortuna
1772 575 1882 614 mala

252 645 514 697 conpositus,
567 645 707 696 utique
748 645 780 683 si
823 651 864 684 et
905 644 1162 696 prouocauit.
1224 657 1309 683 non
1353 643 1497 692 uideo,
1549 645 1738 697 inquam,
1781 647 1881 698 quid

251 715 403 754 habeat
445 715 483 753 in
526 715 643 755 terris
686 715 868 767 luppiter
909 714 1139 767 pulchrius,
1182 715 1214 754 si
1256 720 1501 754 conuertere
1543 715 1726 770 animum
1772 715 1880 764 uelit,

250 799 375 837 quam
409 792 453 825 ut
484 793 642 838 spectet
674 785 880 825 Catonem
921 786 1002 824 iam
1034 784 1221 838 partibus
1253 799 1336 824 non
1369 785 1498 825 semel
1531 785 1667 825 fractis
1698 793 1879 826 stantem

250 856 375 896 nihilo
409 857 542 896 minus
574 857 677 895 inter
709 856 845 895 ruinas
877 855 1061 908 publicas
1095 862 1266 895 rectum.
1329 855 1455 904 ‚,licet‚
1489 857 1634 908 inquit,
1668 858 1808 896 omnia
1839 857 1878 896 in

250 928 365 967 unius
388 928 592 966 dicionem
616 927 907 975 concesserint,
939 927 1226 966 custodiantur
1255 925 1488 978 legionibus
1510 934 1655 975 terrae,
1679 927 1878 967 classibus

248 999 387 1046 maria,
421 998 690 1037 Caesarianus
722 1004 866 1050 portas
899 998 1017 1037 miles
1049 997 1267 1037 obsideat:
1316 997 1423 1037 Cato
1465 1011 1548 1050 qua
1580 1005 1706 1038 exeat
1737 999 1876 1039 habet.

248 1083 327 1108 una
369 1083 493 1108 manu
535 1069 662 1108 latam
706 1069 883 1108 libertati
917 1069 1025 1108 uiam
1060 1068 1190 1108 saciet.
1253 1067 1404 1108 serrum
1445 1069 1573 1118 istud,
1616 1070 1739 1109 etiam
1773 1070 1877 1109 ciuili

248 1140 356 1180 bello
389 1154 537 1193 purum
571 1146 612 1179 et
644 1140 872 1188 innoxium,
916 1139 1050 1179 bonas
1082 1140 1254 1179 tandem
1287 1153 1336 1179 ac
1373 1139 1534 1179 nobiles
1567 1141 1665 1180 edet
1697 1154 1871 1194 operas:

246 1212 480 1251 libertatem
533 1225 659 1263 quam
715 1211 873 1264 patriae
924 1225 1008 1250 non
1049 1211 1204 1263 potuit,
1248 1210 1398 1250 Catoni
1439 1210 1566 1251 dabit.
1628 1213 1874 1264 adgredere,

245 1284 392 1330 anime,
435 1283 501 1321 diu
535 1283 782 1322 meditatum
815 1296 933 1334 opus,
974 1283 1086 1334 eripe
1129 1288 1171 1321 te
1203 1282 1327 1321 rebus
1359 1282 1584 1338 humanis4
1622 1283 1703 1321 iam
1733 1283 1871 1322 Petre-

243 1356 304 1393 ius
348 1360 389 1393 et
422 1353 523 1392 Iuba
565 1359 915 1393 concucurrerunt
956 1353 1174 1405 iacentque
1226 1353 1330 1392 alter
1378 1353 1543 1392 alterius
1587 1358 1731 1393 manu'
1753 1355 1872 1394 caesi.

243 1425 358 1464 fortis
391 1431 432 1464 et
465 1426 633 1477 egregia
665 1424 734 1464 fati
758 1425 992 1472 conuentio,
1025 1425 1099 1463 sed
1123 1438 1230 1476 quae
1262 1438 1343 1463 non
1368 1425 1517 1464 deceat
1539 1425 1870 1477 magnitudinem

243 1503 440 1535 nostram.
503 1502 588 1535 tam
643 1502 763 1548 turpe
807 1501 870 1535 est
914 1494 1062 1535 Catoni
1112 1501 1294 1534 mortem
1337 1494 1390 1534 ab
1434 1494 1517 1534 ullo
1558 1502 1702 1547 petere
1743 1509 1869 1548 quarn

190 1578 222 1601 2·
244 1568 405 1605 uitam.“
468 1566 595 1619 liquet
628 1566 724 1606 mihi
758 1580 853 1606 cum
887 1579 1042 1618 magno
1074 1571 1286 1618 spectasse
1318 1566 1474 1617 gaudio
1508 1566 1627 1615 deos,
1671 1567 1772 1606 dum
1804 1566 1870 1606 ille

243 1639 321 1686 uir,
364 1639 586 1678 acerrimus
627 1638 688 1677 sui
721 1639 898 1687 uindex,
941 1637 1098 1677 alienae
1139 1636 1260 1677 saluti
1303 1637 1477 1677 consulit
1520 1643 1562 1677 et
1594 1637 1754 1677 instruit
1787 1638 1867 1677 dis-

241 1709 476 1749 cedentium
511 1708 673 1761 fugam,
717 1710 817 1748 dum
859 1709 995 1749 studia
1035 1710 1160 1749 etiam
1202 1716 1326 1749 nocte
1369 1708 1513 1748 ultima
1551 1714 1722 1758 tractat,
1765 1710 1867 1748 dum

241 1779 424 1831 gladium
457 1794 576 1820 sacro
600 1781 756 1831 pectori
790 1780 931 1833 infigit,
965 1781 1066 1820 dum
1089 1780 1246 1819 uiscera
1273 1780 1431 1832 spargit
1464 1786 1505 1820 et
1527 1779 1638 1819 illam
1660 1780 1864 1820 sanctissi-

242 1864 352 1889 mam
415 1852 595 1890 animam
648 1852 946 1904 indignamque
1008 1865 1115 1904 quae
1168 1850 1275 1891 ferro
1331 1852 1682 1891 contaminaretur
1740 1864 1866 1890 manu

206 1933 220 1955 ἱ)
241 1922 390 1961 educit.
453 1922 545 1961 inde
589 1923 836 1962 crediderim
879 1922 1003 1962 fuisse
1049 1936 1197 1975 parum
1231 1930 1390 1961 certum
1433 1927 1474 1962 et
1507 1921 1657 1961 efficax
1690 1922 1862 1964 uolnus:

239 2006 323 2031 non
356 1992 428 2032 fuit
460 1993 521 2032 dis
555 1993 974 2040 inmortalibussatis
995 1999 1187 2046 spectare
1211 1992 1416 2034 Catonem
1440 1993 1581 2033 semel.
1634 1998 1797 2033 retenta
1819 2006 1867 2033 ac

240 2070 436 2103 reuocata
468 2064 594 2104 uirtus
627 2072 700 2113 est,
735 2070 779 2104 ut
807 2065 845 2104 in
869 2064 1095 2104 difficiliore
1117 2070 1236 2117 parte
1267 2078 1312 2103 se
1334 2065 1587 2104 ostenderet.
1638 2077 1724 2103 non
1755 2064 1865 2104 enim

239 2141 323 2173 tam
368 2149 523 2187 magno
565 2137 704 2175 animo
748 2149 862 2176 mors
904 2137 1024 2176 initur
1066 2151 1192 2189 quam
1235 2137 1444 2189 repetitur.
1517 2136 1659 2188 quidni
1691 2134 1866 2175 libenter

237 2213 473 2258 spectarent
495 2206 702 2246 alumnum
726 2222 845 2247 suum
869 2215 955 2247 tam
975 2208 1087 2248 claro
1111 2222 1159 2248 ac
1177 2207 1437 2247 memorabili
1457 2207 1571 2247 exitu
1590 2207 1864 2246 euadentem?

238 2289 352 2315 mors
384 2276 474 2316 illos
507 2286 732 2327 consecrat,
764 2293 944 2330 quorum
978 2280 1139 2318 exitum
1173 2285 1214 2319 et
1246 2280 1315 2331 qui
1347 2279 1495 2318 timent
1527 2278 1706 2318 laudant.

356 2347 421 2388 ΙΙΙ.
456 2348 546 2388 Sed
584 2349 665 2388 iam
708 2350 965 2402 procedente
998 2351 1186 2389 oratione
1220 2350 1461 2397 ostendam,
1504 2362 1630 2401 quam
1668 2361 1751 2387 non
1784 2347 1863 2387 sint

237 2431 342 2470 quae
376 2419 567 2460 uidentur
600 2421 732 2461 mala:
780 2435 888 2461 nunc
920 2421 1017 2461 illud
1051 2422 1166 2470 dico,
1210 2422 1287 2461 ista
1329 2434 1436 2473 quae
1468 2426 1512 2460 tu
1546 2433 1671 2460 uocas
1703 2433 1862 2473 aspera,

245 2562 249 2593 1
285 2563 450 2593 irruentem
570 2562 576 2594 i
608 2563 697 2596 uului
804 2571 822 2589 η*
850 2565 873 2594 si
902 2576 940 2594 eo
968 2567 1154 2595 conuertere
1176 2563 1348 2602 (merent,
1375 2561 1441 2596 scd
1464 2561 1546 2595 uide
1571 2561 1688 2595 deira
1709 2563 1738 2604 2,
1767 2564 1821 2601 34,
1847 2564 1855 2594 1

241 2632 343 2651 mures·
371 2623 605 2664 {ornnem-que,
634 2625 656 2652 (ι
686 2634 814 2654 manum
844 2624 1046 2663 admoueris,
1075 2634 1131 2654 ora
1158 2627 1345 2654 conuertunt
1467 2622 1503 2654 ΙΗ
1528 2623 1758 2653 nichilominus

245 2680 273 2710 ll
307 2680 462 2711 ditionem
493 2679 676 2714 filurelus:
707 2683 933 2714 condicionem
1043 2682 1077 2714 133
1106 2684 1170 2714 unffi⁴
1197 2682 1328 2713 anniani
1355 2681 1532 2718 (anulatam
1560 2691 1602 2714 m.
1624 2685 1641 2710 3
1670 2680 1703 2712 in
1729 2680 1857 2724 marq.)

361 2739 395 2770 is»
425 2741 601 2780 aggredere
710 2741 745 2772 1ίὶ
774 2742 879 2782 anime
939 2781 945 2787 ·
978 2742 1022 2774 2³0
1049 2742 1148 2773 michi
1246 2745 1407 2782 spectasse
1433 2740 1521 2782 (ras.
1541 2746 1624 2774 aule
1641 2749 1692 2782 sp)
1784 2741 1857 2771 dum

237 2796 374 2831 Haase:
404 2809 500 2839 quam
597 2801 639 2832 2³53
666 2801 813 2832 Zeisxima
907 2801 950 2833 ’33
978 2801 1088 2832 uulnus
1192 2802 1237 2833 2143
1257 2801 1318 2831 diis
1338 2800 1576 2831 immortalibus
1662 2802 1705 2833 '3⁵'
1733 2801 1859 2831 inicitur

233 2857 298 2891 sed
322 2868 415 2892 corr.
445 2860 537 2891 initur
643 2863 686 2892 ⁴3¹.)
714 2856 891 2903 spectare-¹¹¹

1908 506 1927 535 ἒ)

1908 855 1949 888 10

1898 1566 1938 1599 11
