2008 3236
221 123 305 162 280
538 118 642 144 DIAL.
658 117 725 143 xil.
768 117 820 142 AD
842 116 1043 142 POLYBIVM
1068 117 1120 142 DE
1139 117 1459 145 CONSULATIONE.
1498 121 1524 145 ss.

217 204 391 268 propius
434 215 623 254 intuetur.
702 214 800 265 quid
843 214 983 264 itaque
1026 214 1110 253 eius
1153 214 1358 254 desiderio
1403 229 1611 264 maceror,
1665 217 1732 268 qui
1774 223 1845 257 aut

219 285 366 325 beatus
390 291 459 324 aut
482 284 614 323 nullus
638 286 728 324 est?
771 284 943 323 beatum
979 283 1133 323 deflere
1166 284 1316 324 inuidia
1339 291 1413 333 est,
1443 285 1599 326 nullum
1623 287 1844 327 dementia.

223 353 321 409 [28]
365 369 416 393 an
449 355 530 394 hoc
562 361 604 393 te
636 360 802 402 mouet,
846 355 961 405 quod
994 354 1158 394 uidetur
1189 355 1426 407 ingentibus
1459 363 1499 395 et
1533 370 1625 396 cum
1659 359 1841 397 maxime
1870 367 1889 400 4

220 424 495 467 circumfusis*
524 425 645 464 bonis
698 425 902 463 caruisse?
966 438 1059 463 cum
1113 426 1362 477 cogitaueris
1405 427 1535 466 multa
1576 441 1688 475 esse,
1741 441 1846 479 quae

185 512 199 533 ,-,
220 495 421 548 perdidit,
466 495 605 547 cogita
646 495 763 548 plura
806 508 917 543 esse,
961 509 1066 547 quae
1109 509 1192 535 non
1236 497 1381 536 timet:
1428 510 1512 536 non
1545 497 1603 537 ira
1634 512 1729 537 eum
1762 504 1845 538 tor-

170 861 201 887 10

169 1571 202 1594 20

170 2278 203 2300 :10

220 567 384 618 quebit,
427 580 511 605 non
554 565 726 605 morbus
760 565 953 618 adfliget,
997 579 1079 605 non
1112 567 1290 619 suspicio
1324 567 1510 617 lacesset,
1544 582 1627 607 non
1660 569 1772 608 edax
1806 576 1847 609 et

220 637 383 676 inimica
415 651 580 690 semper
613 637 751 676 alienis
783 637 1045 689 processibus
1073 637 1225 676 inuidia
1253 638 1571 687 consectabitur,
1603 652 1686 679 non
1710 644 1846 679 metus

220 707 473 755 sollicitabit,
516 721 600 747 non
643 708 788 747 leuitas
830 707 1019 747 fortunae
1052 708 1133 747 cito
1168 722 1340 748 munera
1371 723 1442 749 sua
1475 709 1756 750 transferentis
1789 711 1845 751 in-

222 779 435 831 quietabit.
498 780 530 818 si
562 779 671 818 bene
704 785 918 831 computes,
955 779 1045 831 plus
1078 778 1130 818 illi
1162 779 1379 818 remissum
1412 793 1537 833 quarn
1562 786 1751 836 ereptum
1774 786 1847 819 est.

222 864 305 888 non
339 850 488 902 opibus
530 849 705 898 fruetur,
749 863 834 889 non
876 856 947 889 tua
989 850 1109 889 simul
1152 864 1200 889 ac
1243 863 1316 889 sua
1358 851 1501 903 gratia.
1550 865 1634 891 non
1677 852 1849 904 accipiet

220 920 433 968 beneficia,
466 935 549 959 non
584 920 724 960 dabit:
771 921 967 960 miserum
1001 927 1136 973 putas,
1170 922 1285 973 quod
1314 922 1391 961 ista
1412 923 1558 970 amisit,
1591 936 1642 961 an
1665 922 1849 971 beatum,

221 992 335 1043 quod
368 1005 453 1031 non
487 992 722 1031 desiderat?
775 990 873 1031 mihi
907 993 1043 1041 crede,
1076 992 1107 1032 is
1138 992 1300 1033 beatior
1331 1000 1405 1041 est,
1439 994 1501 1033 cui
1524 993 1689 1034 fortuna
1710 1007 1848 1046 super-

221 1076 352 1102 uacua
385 1069 468 1110 est,
511 1076 638 1115 quam
671 1063 725 1111 is,
769 1063 832 1102 cui
864 1070 1010 1115 parata
1043 1068 1116 1102 est.
1180 1064 1321 1104 omnia
1353 1065 1429 1104 ista
1463 1064 1595 1113 bona,
1634 1078 1741 1117 quae
1761 1070 1850 1103 ‘nos

222 1134 412 1185 speciosa
445 1135 519 1173 sed
551 1133 683 1173 fallaci
715 1133 934 1186 uoluptate
968 1133 1189 1178 delectant.
1222 1136 1407 1187 pecunia,
1441 1136 1630 1186 dignitas,
1664 1135 1852 1189 potentia

189 1219 203 1239 ῑ)
223 1204 383 1256 aliaque
406 1204 615 1257 conplura,
639 1206 692 1244 ad
716 1218 822 1257 quae
845 1205 1008 1256 generis
1030 1205 1200 1245 humani
1219 1219 1344 1245 caeca
1361 1206 1564 1258 cupiditas
1580 1206 1852 1259 obstupescit,

222 1289 316 1314 cum
359 1275 503 1314 labore
546 1276 832 1328 possidentur,
877 1289 969 1315 cum
1009 1277 1161 1316 inuidia
1194 1277 1522 1330 conspiciuntur,
1564 1291 1638 1317 eos
1670 1277 1852 1329 denique

222 1338 334 1398 ipsos
376 1360 482 1398 quos
521 1352 750 1395 exornant,
794 1353 834 1386 et
872 1353 1067 1400 premunt
1140 1347 1232 1399 plus
1265 1348 1475 1387 minantur
1507 1362 1632 1400 quam
1664 1353 1850 1401 prosunt.

221 1415 376 1456 lubrica
421 1424 462 1456 et
504 1417 659 1456 incerta
701 1424 795 1457 sunt
868 1431 1096 1470 numquam
1139 1418 1247 1457 bene
1285 1424 1502 1459 tenentur:
1549 1433 1645 1458 nam
1680 1425 1723 1458 ut
1755 1419 1852 1460 nihil

223 1488 275 1526 de
319 1494 511 1541 tempore
554 1487 691 1528 futuro
724 1489 938 1536 timeatur,
982 1489 1071 1541 ipsa
1103 1495 1245 1528 tamen
1279 1503 1458 1541 magnae
1490 1489 1690 1530 felicitatis
1723 1490 1853 1530 tutela

223 1558 396 1597 sollicita
438 1565 512 1599 est.
575 1559 607 1597 si
652 1559 752 1598 uelis
791 1560 961 1598 credere
994 1559 1113 1599 altius
1147 1561 1366 1600 ueritatem
1399 1560 1673 1609 intuentibus,
1717 1561 1852 1600 omnis

226 1629 307 1668 uita
339 1629 584 1682 supplicium
619 1636 705 1669 est:
749 1632 787 1669 in
817 1630 899 1669 hoc
920 1629 1172 1682 profundum
1197 1631 1507 1683 inquietumque
1530 1631 1703 1684 proiecti
1726 1645 1852 1680 mare,

224 1699 387 1739 alternis
430 1700 612 1740 aestibus
655 1701 913 1753 reciprocum
959 1708 999 1740 et
1044 1702 1173 1741 modo
1207 1701 1406 1742 adleuans
1439 1716 1515 1742 nos
1547 1702 1692 1743 subitis
1724 1703 1851 1742 incre-

225 1771 386 1818 mentis,
420 1772 552 1810 modo
586 1772 811 1811 maioribus
845 1772 1008 1811 damnis
1041 1772 1231 1812 deferens
1266 1774 1521 1825 adsidueque
1543 1774 1710 1822 iactans,
1733 1787 1851 1812 num-

225 1854 348 1891 quam
393 1841 529 1881 stabili
572 1843 836 1882 consistimus
879 1842 983 1882 loco.
1049 1844 1283 1895 pendemus
1323 1850 1364 1883 et
1397 1843 1644 1883 fluctuamur
1676 1849 1718 1883 et
1749 1843 1854 1883 alter

170 1925 203 1948 25»
224 1911 262 1949 in
315 1911 489 1951 alterum
537 1913 742 1952 inlidimur
786 1920 827 1953 et
871 1912 1094 1965 aliquando
1139 1913 1397 1966 naufragium
1441 1914 1633 1962 facimus,
1687 1927 1854 1966 semper

224 1982 429 2021 timemus.
494 1983 532 2021 in
566 1983 646 2023 hoc
679 1990 765 2023 tam
788 1984 1026 2036 procelloso
1050 1990 1090 2023 et
1114 1986 1167 2024 ad
1191 1998 1338 2024 omnes
1360 1992 1634 2037 tempestates
1656 1985 1852 2037 exposito

224 2053 324 2091 mari
368 2054 658 2105 nauigantibus
701 2054 833 2094 nullus
877 2061 1024 2107 portus
1067 2055 1140 2094 nisi
1183 2056 1330 2095 mortis
1373 2063 1445 2095 est.
1520 2070 1571 2095 ne
1615 2057 1753 2109 itaque
1794 2056 1851 2094 in-

225 2123 373 2162 uideris
406 2122 517 2162 fratri
549 2130 647 2163 tuo:
695 2126 879 2177 quiescit.
942 2127 1114 2165 tandem
1147 2126 1270 2174 liber,
1304 2127 1475 2166 tandem
1509 2132 1641 2175 tutus,
1680 2127 1850 2166 tandem

224 2200 416 2232 aeternus
460 2191 531 2233 es't.
595 2196 862 2249 superstitem
898 2196 1122 2236 Caesarem
1156 2210 1412 2249 omnemque
1445 2197 1530 2236 eius
1561 2196 1745 2250 prolem,
1787 2211 1848 2236 su-

224 2265 440 2316 perstitem
484 2273 525 2305 te
569 2280 662 2305 cum
707 2267 1002 2307 communibus
1044 2267 1173 2307 habet
1216 2268 1418 2307 fratribus.
1482 2274 1707 2320 antequam
1741 2268 1849 2320 quic-

228 2430 238 2461 ]
280 2431 427 2471 proprius
457 2429 489 2463 Ε
614 2432 633 2462 ἰὶ
669 2432 852 2463 uidentibus
879 2433 1062 2473 ingentibus
1090 2431 1123 2466 Β
1244 2438 1273 2464 et
1299 2433 1439 2464 maxime
1465 2431 1501 2466 E
1618 2433 1635 2465 4'
1671 2433 1766 2463 bonis
1792 2433 1852 2464 cir-

225 2489 326 2519 cuisse
354 2487 387 2521 E
505 2491 524 2521 (ὃ
559 2491 692 2531 suspitio
722 2489 754 2524 B
878 2496 936 2522 vet
963 2492 1095 2523 inimica
1125 2490 1156 2524 Β
1277 2491 1295 2524 ’ἶ
1325 2492 1568 2523 consecrabitur
1595 2490 1630 2525 Ε
1752 2490 1772 2523 ‘J
1806 2498 1851 2522 cst

222 2554 304 2591 pos!
332 2553 473 2589 creptum
501 2549 627 2582 omini(
647 2547 681 2581 E
803 2550 841 2582 1:3
870 2561 933 2581 non
960 2552 1107 2591 speciosa
1126 2549 1198 2583 DE
1324 2551 1357 2583 14
1385 2552 1550 2592 uoluptate
1576 2551 1682 2582 fallaci
1703 2549 1737 2583 Ε

233 2607 268 2639 Ιῖ)
296 2608 400 2648 adque
419 2606 452 2639 Β
581 2609 616 2640 lu
644 2620 698 2640 eos
717 2609 854 2650 denique
879 2610 967 2651 ipsos
988 2608 1108 2652 Haupt
1135 2610 1330 2650 eosdemque
1356 2611 1443 2651 ipsos
1463 2607 1532 2642 DE
1554 2610 1598 2641 eis
1625 2610 1761 2651 (lemque
1788 2610 1851 2651 ipis

226 2667 248 2698 (i
268 2665 301 2697 in
322 2665 445 2703 litura)
476 2666 506 2699 B
667 2668 704 2700 2]
739 2668 977 2709 improfundum
1006 2667 1042 2701 Ε
1206 2670 1249 2701 22
1277 2669 1370 2699 altius
1396 2669 1514 2700 estibus
1532 2666 1567 2701 E
1732 2672 1761 2700 el
1787 2681 1850 2699 non

225 2724 366 2755 alienans
386 2724 420 2758 E
537 2727 579 2758 ⁴23:
608 2727 708 2757 modo
735 2726 862 2760 omz'llz'l
880 2726 913 2760 B
1035 2727 1161 2758 assidue
1188 2725 1222 2759 Ε
1340 2727 1382 2760 25
1411 2728 1561 2758 alidimur
1581 2725 1613 2760 D
1639 2727 1802 2758 illidamur
1823 2726 1855 2761 Ε

343 2785 386 2817 'lb'
413 2795 508 2825 quam
538 2785 719 2826 procelloso
740 2783 774 2818 E
884 2786 923 2816 ml
944 2797 1056 2816 omncs
1079 2784 1183 2820 Gertz
1206 2787 1234 2817 iu
1256 2797 1368 2817 omnes
1390 2783 1496 2819 BDE
1613 2786 1657 2819 ‘29
1678 2787 1849 2818 Caesarem

225 2854 418 2885 «mniumque
445 2845 510 2874 eius·
537 2844 661 2886 prolem
690 2846 887 2887 superstitem
916 2844 1041 2878 omillsl
1070 2843 1100 2878 B
1222 2845 1265 2875 ΣΝ)
1293 2849 1396 2877 tecum
1430 2843 1458 2878 B

1876 860 1895 893 QJ!

1880 1989 1899 2023 «Ι
