1977 3231
59 1228 78 1262 '7

60 1728 79 1759 ιζ,

407 135 512 163 DIAL.
527 135 590 163 VII.
629 135 683 161 AD
704 136 938 162 GALLIONEM
961 137 1012 162 DE
1032 136 1125 162 VITA
1145 137 1290 169 BEATA.
1328 139 1368 165 15.
1394 138 1433 164 16.
1653 143 1729 181 169

108 245 184 272 nec
224 231 401 271 timorist
443 231 579 271 aditus
621 245 698 271 nec
739 232 806 272 ulli
848 233 926 281 rei,
967 246 1073 285 quae
1115 233 1294 273 deterius
1335 234 1486 274 summi
1527 233 1627 274 boni
1671 234 1731 274 ius

108 303 238 342 faciat.
291 302 516 341 escendere
547 308 687 342 autem
720 303 788 342 illo
820 303 910 343 sola
941 304 1069 343 uirtus
1100 310 1253 356 potest.
1307 304 1409 344 illius
1441 307 1573 357 gradu
1605 305 1732 346 cliuus

108 375 183 414 iste
214 372 467 425 frangendus
499 379 573 413 est.
634 373 701 413 illa
732 373 891 415 fortiter
922 375 1048 414 stabit
1080 382 1121 414 et
1152 375 1350 428 quidquid
1383 377 1586 425 euenerit‚
1628 376 1733 417 feret

107 458 191 484 non
222 444 382 496 patiens
414 450 588 491 tantum,
619 445 694 484 sed
727 446 850 485 etiam
884 444 1039 493 uolens,
1073 459 1327 498 omnemque
1359 453 1597 499 temporum
1627 447 1729 487 diffi-

107 514 304 555 cultatem
335 514 437 554 sciet
468 514 607 566 leg'em
641 528 732 555 esse
763 521 945 564 naturae,
978 522 1030 563 et,
1063 522 1107 555 ut
1128 516 1264 555 bonus
1287 517 1404 556 miles
1426 516 1529 557 feret
1551 517 1730 566 uolnera,
1752 533 1766 556 5

106 581 366 626 enumerabit
397 585 617 634 cicatrices,
650 592 691 626 et
723 586 1079 626 transuerberatus
1112 586 1202 626 telis
1235 588 1416 627 moriens
1444 588 1602 628 amabit
1625 602 1731 637 eum,

106 670 182 710 pro
215 647 299 708 quo
331 657 474 704 cadet,
517 657 834 708 imperatorem,
876 656 1049 697 habebit
1090 657 1187 697 illud
1218 659 1258 697 in
1290 659 1429 698 animo
1462 666 1580 699 uetus
1613 673 1730 711 prae-

108 733 296 780 ceptum:
354 727 479 766 deum
531 740 715 779 sequere.
777 728 959 780 quisquis
1013 735 1153 767 autem
1205 731 1388 780 queritur
1430 735 1470 768 et
1512 729 1649 781 plorat
1692 736 1733 769 et

107 799 249 850 gemit,
283 799 487 850 imperata
518 797 653 838 facere
686 799 723 838 ui
756 800 918 850 cogitur
950 805 990 838 et
1023 799 1171 838 inuitus
1203 800 1358 852 rapitur
1379 800 1433 839 ad
1455 801 1563 839 iussa
1585 800 1730 840 nihilo-

107 870 251 908 minus.
314 883 420 921 quae
462 875 602 909 autem
646 870 855 909 dementia
897 875 960 909 est
992 870 1129 922 potius
1161 870 1267 910 trahi
1299 884 1425 923 quam
1457 873 1599 923 sequi?
1645 878 1730 911 tam
1757 884 1785 908 10

108 953 174 979 me
206 939 392 979 hercules
424 953 550 992 quam
583 940 753 979 stultitia
785 946 825 979 et
857 941 1064 992 ignoratio
1093 942 1344 990 condicionis
1368 947 1431 981 est
1452 955 1551 981 suae
1575 942 1732 990 dolere,

90 1009 220 1062 'quod
253 1010 372 1050 deest
404 1010 555 1062 aliquid
589 1011 661 1050 tibi
693 1017 763 1050 aut
797 1011 937 1051 incidit
969 1011 1118 1060 durius,
1151 1025 1283 1065 aeque
1316 1013 1452 1052 mirari
1474 1018 1544 1067 aut
1567 1013 1734 1065 indigne

106 1080 211 1120 ferre
253 1094 324 1129 ea,
369 1095 477 1133 quae
518 1088 605 1121 tam
649 1082 769 1121 bonis
817 1083 1010 1122 accidunt
1051 1097 1176 1135 quam
1220 1082 1358 1131 malis,
1411 1083 1585 1123 morbos
1628 1084 1733 1132 dico,

106 1151 272 1196 funera,
314 1151 548 1192 debilitates
581 1158 623 1192 et
655 1157 795 1192 cetera
827 1166 882 1192 ex
914 1159 1152 1193 transuerso
1185 1154 1224 1192 in
1256 1155 1384 1193 uitam
1416 1153 1643 1194 humanam
1675 1157 1732 1194 in-

107 1223 321 1262 currentia.
366 1223 567 1275 quidquid
600 1237 654 1262 ex
688 1224 863 1263 uniuersi
896 1225 1193 1264 constitutione
1214 1225 1458 1276 patiendum
1482 1231 1555 1273 est,
1578 1239 1733 1278 magno
1758 1238 1787 1263 15

105 1294 349 1346 suscipiatur
381 1294 531 1333 animo.
593 1294 646 1333 ad
678 1293 760 1334 hoc
791 1301 1099 1335 sacramentum
1132 1283 1268 1334 adacti
1299 1289 1452 1344 sumus,
1484 1295 1590 1336 ferre
1622 1310 1732 1336 mor-

106 1364 202 1404 talia
232 1377 310 1403 nec
340 1365 571 1417 perturbari
603 1367 659 1413 iis,
691 1379 798 1418 quae
830 1366 959 1405 uitare
991 1380 1075 1406 non
1108 1373 1171 1406 est
1202 1373 1370 1407 nostrae
1402 1368 1633 1420 potestatis.
1695 1368 1734 1406 in

107 1449 238 1488 regno
270 1437 355 1475 nati
386 1449 537 1475 sumus.
603 1437 685 1476 deo
717 1450 863 1488 parere
895 1437 1063 1476 libertas
1096 1444 1170 1478 est.

225 1506 340 1546 XVI.
402 1506 518 1558 Ergo
560 1508 619 1546 in*
641 1507 790 1546 uirtute
831 1508 969 1560 posita
1011 1514 1073 1547 est
1115 1521 1213 1548 uera
1254 1508 1444 1549 felicitas:
1491 1510 1590 1561 quid
1631 1509 1736 1549 haec

109 1577 180 1616 tibi
222 1577 350 1616 uirtus
390 1577 608 1617 suadebit?
661 1591 712 1617 ne
754 1579 853 1630 quid
895 1584 965 1618 aut
1007 1579 1166 1618 bonum
1210 1585 1280 1619 aut
1322 1579 1476 1619 malum
1510 1580 1735 1628 existimes,
1756 1590 1789 1615 20

107 1648 223 1699 quod
264 1661 340 1687 nec
381 1648 533 1687 uirtute
564 1661 641 1688 nec
674 1648 828 1689 malitia
861 1651 1086 1701 continget.
1150 1651 1322 1698 deinde,
1367 1656 1411 1690 ut
1442 1651 1495 1689 sis
1527 1650 1736 1690 inmobilis

107 1725 150 1758 et
183 1725 328 1758 contra
361 1718 590 1777 malum-et
622 1733 677 1759 ex
709 1720 836 1769 bono,
869 1726 914 1760 ut
946 1734 1028 1773 qua
1059 1720 1119 1761 fas
1152 1728 1227 1769 est,
1259 1722 1385 1761 deum
1408 1721 1591 1773 effingas.
1635 1722 1736 1774 quid

107 1789 179 1829 tibi
211 1802 288 1842 pro
320 1789 399 1829 hac
431 1790 701 1842 expeditione
732 1792 963 1843 promittit?
997 1792 1179 1844 ingentia
1211 1798 1252 1831 et
1281 1805 1415 1844 aequa
1436 1792 1601 1832 diuinis:
1638 1792 1735 1831 nihil

108 1862 290 1912 cogeris,
332 1860 444 1900 nullo
476 1861 699 1913 indigebis,
745 1861 848 1901 liber
880 1863 978 1910 eris,
1011 1868 1147 1911 tutus,
1180 1863 1396 1902 indemnis.
1459 1862 1556 1902 nihil
1588 1862 1736 1902 frustra

107 1931 344 1983 temptabis,
376 1930 474 1970 nihil
504 1931 979 1983 prohibeberis‚‘omnia
1011 1933 1084 1972 tibi
1116 1947 1171 1972 ex
1203 1933 1406 1973 sententia
1435 1934 1595 1973 cedent.
1639 1933 1735 1972 nihil
1756 1945 1788 1969 25

108 2002 330 2041 aduersum
375 2003 554 2049 accidet,
604 2002 701 2042 nihil
744 2009 890 2043 contra
931 2004 1172 2056 opinionem
1214 2017 1263 2043 ac
1305 2003 1574 2043 uoluntatem.
1638 2005 1735 2056 quid

108 2074 236 2124 ergo?
280 2073 406 2112 uirtus
447 2072 500 2112 ad
542 2072 666 2112 beate
710 2075 933 2113 uiuendum
976 2063 1149 2114 sufficit?
1192 2074 1377 2127 perfecta
1418 2074 1485 2114 illa
1526 2081 1568 2114 et
1601 2075 1737 2114 diuina

107 2144 249 2195 quidni
292 2143 486 2192 sufficiat,
528 2144 658 2183 immo
689 2144 944 2197 superfluat?
987 2146 1087 2198 quid
1119 2146 1228 2185 enim
1262 2146 1410 2186 deesse
1441 2151 1583 2198 potest
1615 2152 1736 2185 extra

231 2272 246 2304 1
277 2273 384 2303 timori
411 2273 448 2303 sit
474 2270 541 2305 sed
565 2273 605 2303 sit
632 2271 666 2304 in
693 2282 766 2306 ras.
786 2271 865 2306 cod.
888 2274 996 2304 timori
1014 2278 1040 2304 st
1062 2272 1182 2315 Gertz,
1209 2283 1288 2307 cum
1312 2273 1539 2318 superiormn
1558 2272 1734 2307 editorum

110 2330 245 2375 aliquot
273 2331 451 2362 detrahitur
476 2329 511 2363 in
539 2332 726 2362 detrahatur
744 2335 939 2365 »tutassent
1052 2332 1072 2366 3
1099 2333 1252 2374 quicquid
1365 2333 1385 2366 τ’)
1411 2333 1541 2365 uulnera
1562 2342 1594 2372 (u
1613 2337 1646 2366 et
1665 2344 1682 2364 a
1701 2333 1737 2366 ἱη

111 2390 200 2432 ras.)
324 2388 343 2421 (ζὶ
371 2394 454 2423 ante
479 2394 509 2421 et
536 2389 663 2423 leniter
688 2389 916 2433 e‘nterpunaee'c
945 2388 1055 2425 Gertz
1178 2391 1199 2424 7
1226 2392 1305 2422 illud
1333 2392 1368 2434 (d
1394 2402 1488 2426 corr.
1517 2401 1566 2425 ear
1593 2392 1616 2426 u

116 2450 152 2482 lt
189 2453 219 2480 et
255 2449 418 2490 ignoratio
445 2447 572 2482 Haase
606 2454 636 2480 et
671 2450 854 2490 ignorantia
889 2448 1017 2493 mclqo:
1055 2454 1086 2482 et
1119 2451 1269 2491 ignorata
1304 2450 1409 2492 (satiS
1442 2460 1574 2494 masma
1607 2449 1738 2484 lacuna

110 2507 147 2541 in
169 2507 244 2551 fine
262 2507 403 2549 uersus)
519 2508 629 2539 dolere
648 2507 750 2542 dett:
780 2509 894 2540 dolore
1013 2507 1051 2541 12
1069 2510 1157 2550 quod
1175 2509 1263 2540 deest
1282 2507 1452 2553 Madm'qz
1480 2510 1567 2551 quod
1586 2514 1631 2540 est

109 2567 219 2608 aliquit
255 2567 280 2609 (t
316 2576 411 2600 corr.
446 2565 482 2600 in
516 2567 550 2607 d)
585 2568 643 2597 tibi
680 2565 779 2607 cod„
819 2576 897 2600 cum
932 2568 990 2599 tibi
1024 2566 1132 2611 uulqo
1165 2567 1352 2601 omittatur
1516 2567 1551 2601 15
1586 2569 1735 2609 quicquid

198 2639 201 2642 ⁴
235 2624 272 2658 16
299 2626 490 2667 suscipiatur
514 2623 658 2658 Haase:
688 2637 743 2657 usu
770 2627 922 2667 eripiatur
1043 2637 1149 2657 sumus
1175 2625 1305 2670 ’Μαίρας
1334 2637 1476 2658 summus
1598 2626 1638 2660 17
1665 2637 1736 2668 per-

111 2685 215 2716 tubari
340 2684 380 2717 19
414 2685 497 2715 haee
524 2685 584 2715 tibi
610 2685 708 2716 uirtus
733 2684 811 2719 cod.
839 2695 943 2729 quam
970 2684 1190 2729 scr-zpturam
1217 2695 1283 2718 cur
1311 2684 1457 2719 Fickert
1483 2684 1673 2719 mutaverit
1699 2685 1731 2718 ιή

110 2745 191 2774 haec
224 2744 321 2774 uirtus
355 2744 413 2774 tibi
442 2753 517 2777 non
551 2741 718 2787 intelleqo
749 2754 864 2788 neque
890 2744 1022 2787 massis,
1059 2748 1094 2776 ut
1120 2754 1164 2777 ne
1193 2742 1299 2778 Gertz
1326 2743 1487 2788 quidem,
1521 2753 1587 2777 cur
1610 2742 1734 2777 Haase

111 2803 208 2833 uirtus
234 2800 463 2836 abiciendum
489 2801 667 2836 censuerit
787 2802 832 2836 20
858 2804 975 2845 nequid
1004 2803 1038 2845 (d
1057 2813 1106 2836 ex
1125 2807 1134 2833 t
1154 2804 1264 2844 corr.)
1385 2804 1428 2836 22
1456 2808 1484 2834 et
1511 2815 1548 2834 ex
1568 2800 1730 2846 Mactne'ss:

113 2873 149 2893 ex
270 2860 313 2894 24
341 2861 422 2892 liber
448 2863 507 2892 eris
534 2867 615 2893 tutus
643 2861 804 2906 (praeter
830 2863 874 2893 lib
901 2862 1019 2896 omnia
1045 2862 1079 2893 iu
1107 2862 1194 2903 ras.)
