2008 3221
200 120 269 145 vm
694 115 917 141 PRAEFATIO
939 105 1134 141 IOHANNIS
1155 114 1343 140 VAHLENI.

198 216 348 268 opinor
375 215 512 267 specie
544 226 693 252 vocem
727 211 880 261 ludere,
914 210 1119 250 Senecam
1153 217 1307 259 autem,
1341 216 1386 250 ut
1418 214 1681 264 comparatio
1704 227 1831 266 quam

198 293 369 333 instituit
403 305 495 330 cum
528 289 664 336 armis,
698 302 791 327 cum
825 287 964 339 gladio
997 293 1219 334 constaret,
1250 287 1484 340 scripsisse:
1519 301 1600 328 non
1630 291 1833 329 vitabimus

198 373 358 419 impetus
401 361 517 407 animi
549 369 618 405 lios
648 377 791 415 moves
824 371 858 403 et
892 376 1076 403 onerosos
1109 371 1143 402 et
1175 366 1462 405 irrevocabiles,
1525 364 1594 405 Sic
1626 379 1830 406 onerosam

197 456 433 496 {fratremque
464 447 613 483 hastam
657 441 839 494 appellat
884 440 1059 480 Ovidius
1101 440 1272 479 Metam.
1321 442 1394 489 13,
1440 442 1533 482 1118.
1614 442 1749 482 Addo
1791 444 1831 482 in

198 529 443 567 transcursu,
477 519 687 559 Kochium
720 518 851 557 videri
884 516 981 556 mihi
1013 517 1228 568 superiora
1259 530 1428 569 quoque
1460 523 1502 558 et
1523 532 1630 571 quae
1652 532 1746 558 cum
1769 519 1832 559 his

200 599 425 637 cohaerent
456 610 495 649 p.
531 598 605 647 52,
642 598 663 633 3
699 594 930 646 corrupisse
963 593 1096 645 magis
1129 607 1255 645 quam
1289 593 1546 634 emaculasse
1578 596 1826 636 scribendo:

198 678 401 713 Irascetur
442 676 605 723 aliquis:
648 680 686 710 tu
732 678 871 710 contra
916 671 1112 718 beneficiis
1141 682 1329 720 provoco.
1363 673 1470 710 cudit
1500 674 1628 710 statim
1659 675 1832 713 simultas

199 753 247 789 oh
290 754 416 789 alteru
449 757 570 799 purte
603 752 769 788 deserto.
811 750 885 785 nisi
919 737 1042 796 pario,
1085 760 1161 785 non
1197 752 1391 796 puqnunt.
1431 750 1464 786 si
1501 750 1693 798 utrimque
1723 757 1832 789 certa

196 830 357 867 ric-toria
391 828 665 866 concurritur:
697 811 760 863 itte
793 832 847 863 est
877 827 1012 863 melior
1043 826 1109 873 qut
1131 826 1250 873 prior
1273 827 1417 873 pedem
1449 827 1604 876 rettulit,
1636 829 1756 864 victus
1779 832 1834 865 est

198 908 263 955 qui
304 907 400 943 vicit.
463 903 572 942 Nam
616 916 667 940 ne
708 902 844 940 dicam
877 879 1065 952 ineptum
1099 913 1191 939 esse
1222 907 1331 940 certa
1362 903 1548 949 victoria,
1591 915 1737 941 verum
1770 909 1833 943 est

197 982 310 1034 quod
343 982 381 1020 in
415 980 559 1019 codice
591 978 763 1030 legitur:
811 980 893 1017 Sed
923 980 1113 1027 utrimque
1144 978 1309 1017 certabit
1339 980 1423 1025 ira,
1456 982 1725 1027 concurritur,
1757 980 1833 1019 nisi

197 1059 311 1110 quod
356 1059 520 1096 certabit
560 1055 639 1095 levi
680 1069 820 1095 errore
859 1060 900 1093 et
932 1054 1031 1093 olim
1066 1061 1257 1093 correcto
1290 1061 1512 1095 exaratum
1545 1062 1608 1095 est
1639 1070 1716 1109 pro
1749 1069 1832 1096 cer-

198 1137 352 1173 tabitur.
416 1133 583 1172 Etenim
625 1139 723 1185 post
767 1131 833 1171 illa
876 1134 1078 1170 Irascetur
1120 1134 1286 1180 uliquis:
1330 1139 1370 1170 tu
1412 1134 1608 1180 beneficiis
1641 1145 1833 1183 provoca,

197 1213 300 1250 haec
332 1210 460 1249 altera
491 1210 701 1249 subiicitur
733 1209 924 1248 condicio
959 1211 1041 1248 Sed
1069 1212 1262 1258 utrimque
1292 1211 1506 1249 certabitur
1537 1212 1620 1258 ira,
1660 1215 1702 1248 et
1733 1210 1835 1262 quid

198 1302 246 1327 ea
289 1288 540 1327 obveniente
573 1285 783 1338 agendum
816 1285 879 1333 sit,
912 1285 1161 1334 declaratur,
1195 1288 1257 1325 ille
1294 1288 1430 1325 metior
1461 1289 1528 1336 qui
1550 1289 1668 1337 prior
1691 1290 1833 1337 pedem

197 1367 362 1404 rettulit:
396 1369 593 1403 consueta
626 1363 791 1402 dicendi
824 1362 959 1402 forma
980 1376 1057 1402 nec
1081 1362 1251 1402 Graecis
1274 1362 1416 1411 aliena,
1449 1377 1532 1416 qua
1553 1362 1716 1403 Seneca
1738 1377 1832 1404 cum

198 1441 293 1480 alibi
326 1455 421 1480 usus
454 1447 517 1480 est
549 1447 637 1479 tum
672 1441 725 1479 de
758 1453 871 1479 cons.
904 1441 957 1478 ad
992 1439 1185 1479 Helviam
1220 1453 1252 1478 c.
1291 1441 1354 1488 11,
1386 1453 1425 1492 p.
1452 1441 1546 1487 259,
1576 1441 1639 1481 19.
1664 1441 1732 1488 24,
1766 1441 1835 1480 ubi

198 1518 385 1558 Kochius
429 1518 601 1557 aliorum
644 1517 828 1570 opinioni
866 1516 1140 1569 adstipulatus
1185 1516 1248 1556 bis
1281 1516 1380 1556 illud
1412 1516 1524 1556 idem
1556 1520 1629 1557 sed
1659 1517 1836 1557 mutavit

198 1596 235 1634 in
268 1599 301 1634 si
333 1595 484 1635 iniuria.

316 1673 381 1712 De
413 1673 471 1711 ira
506 1674 552 1719 3,
588 1672 633 1720 2,
666 1685 705 1724 p.
741 1673 816 1720 86,
852 1671 905 1710 20
949 1674 1161 1722 utpotentiu
1208 1672 1308 1721 [non]
1354 1677 1408 1710 cst
1450 1674 1592 1710 mulum
1627 1673 1835 1721 publicum.

200 1751 388 1790 Auctore
421 1749 636 1801 Madvigio
670 1748 858 1787 Kochius
899 1761 977 1787 non
1019 1747 1266 1800 particulam
1308 1746 1484 1795 delevit,
1527 1753 1569 1786 et
1610 1748 1835 1799 negatione

199 1828 368 1880 quidem
403 1827 547 1865 addita
578 1826 828 1878 pervertitur
859 1825 1077 1872 sententia,
1110 1838 1254 1864 verum
1288 1837 1372 1863 non
1404 1823 1591 1864 tollenda
1623 1831 1712 1864 erat
1745 1838 1835 1864 vox

199 1905 359 1942 absona
411 1905 486 1942 sed
531 1916 585 1941 ex
628 1916 705 1942 non
749 1902 1013 1942 efficiendum
1056 1914 1161 1954 unu3
1218 1902 1331 1953 quod
1375 1906 1636 1953 quantopere
1668 1902 1836 1941 adiuvet

200 1980 409 2032 scriptoris
441 1993 607 2018 sensum
643 1986 682 2018 et
716 1979 906 2027 extollat,
939 1979 1164 2031 persentiet
1197 1978 1347 2030 opinor
1378 1979 1446 2030 qui
1477 1984 1613 2017 totam
1643 1991 1833 2030 compre-

201 2058 443 2096 hensionem
478 2057 602 2109 paulo
635 2058 829 2095 intentius
862 2057 1095 2108 aspexerit:
1142 2062 1274 2094 cetera
1304 2058 1475 2104 sinqulos
1507 2057 1744 2104 corripiunt,
1776 2057 1838 2094 liic

202 2147 328 2172 unus
361 2137 541 2182 adfectus
573 2141 637 2181 est,
670 2137 735 2182 qui
766 2135 957 2171 interdum
987 2134 1141 2181 publice
1173 2135 1396 2181 concipitur.
1429 2143 1639 2181 numquam
1665 2135 1838 2181 populus

201 2214 400 2250 uniret-sus
438 2213 612 2258 feminae
651 2222 784 2249 umore
813 2212 1023 2259 stupravit,
1067 2221 1137 2248 nec
1168 2212 1208 2248 in
1236 2211 1443 2258 pecuniam
1477 2216 1546 2246 out
1577 2211 1724 2247 tucrum
1757 2215 1836 2248 totu

203 2291 337 2325 eii-ilos
377 2300 479 2336 spem
524 2299 634 2325 suom
666 2289 784 2332 misit,
818 2287 975 2326 ambitio
1008 2289 1144 2325 viritim
1177 2289 1351 2335 sinoutos
1383 2292 1571 2335 occupat:
1614 2287 1837 2335 impotentia

203 2376 227 2401 u
243 2377 264 2402 η
279 2376 302 2401 o
338 2371 391 2402 est
423 2367 563 2402 mutum
589 2364 797 2412 publicum.

322 2439 387 2478 De
419 2440 477 2479 ira
510 2442 556 2491 3,
591 2442 639 2488 S,
681 2453 719 2491 p.
754 2441 830 2487 93,
879 2441 927 2479 13
974 2442 1165 2487 Difficiles
1207 2451 1361 2489 quoque
1403 2445 1437 2477 et
1477 2441 1652 2478 indomiti
1691 2446 1836 2478 nutura

205 2518 460 2555 blandientem
497 2520 650 2565 ferent:
693 2519 790 2556 nihil
819 2529 999 2567 asperum
1034 2519 1286 2565 territumque
1314 2518 1497 2566 palpanti
1529 2524 1593 2555 est.
1656 2515 1836 2568 Magno-

205 2607 302 2645 pcrc
337 2593 496 2641 dubito,
529 2607 654 2646 quam
688 2595 793 2633 iuste
825 2594 897 2632 viri
930 2576 1196 2632 valentissimi
1226 2592 1358 2632 iudicii
1387 2595 1638 2642 territumque
1660 2606 1742 2632 uno
1765 2606 1837 2632 ore

206 2671 515 2710 damnaverint:
553 2678 665 2709 certe
697 2684 842 2710 eorum
876 2684 983 2722 quae
1015 2671 1053 2709 in
1087 2671 1171 2709 eius
1203 2669 1342 2709 locum
1375 2669 1513 2708 subire
1544 2670 1748 2708 iusserunt
1782 2693 1837 2696 —

207 2750 457 2797 tetrieumque
489 2747 716 2799 I-Iauptius,
759 2754 1031 2797 serrarumque
1063 2746 1322 2798 Madvigius,
1366 2753 1409 2785 ut
1446 2752 1639 2785 serratum
1671 2758 1837 2786 morsum

207 2823 419 2863 anseribus
442 2825 625 2863 attribuit
651 2824 866 2863 Petronius
888 2838 926 2876 p.
958 2827 1026 2863 101
1058 2823 1115 2871 B„
1144 2826 1425 2872 horridumque
1447 2822 1648 2870 Gertzius‚
1670 2821 1837 2862 Kochio
