2008 3221
188 878 217 902 10

186 1586 218 1610 *20

240 138 322 176 226
521 131 623 157 DIAL.
640 131 676 157 X.
716 130 770 155 AD
792 128 997 154 PAVLINVM
1020 128 1071 153 DE
1094 127 1317 153 BREVITATE
1337 128 1466 155 VITAE.
1505 129 1530 155 4.
1553 131 1578 155 5.

237 229 601 269 subnascebantur.
661 226 772 265 uelut
805 237 931 277 graue
964 223 1098 264 multo
1131 224 1330 276 sanguine
1362 237 1513 276 corpus
1544 229 1663 276 parte
1694 236 1862 275 semper

237 301 374 353 aliqua
412 298 684 351 rumpebatur
756 298 896 347 itaque
929 295 1061 334 otium
1095 294 1282 346 optabat.
1344 296 1383 334 in
1416 294 1534 334 huius
1567 307 1642 347 spe
1675 299 1716 333 et
1748 294 1860 346 cogi-

237 372 393 411 tatione
434 369 600 408 labores
643 368 727 407 eius
769 366 1019 406 residebant.
1083 365 1166 405 hoc
1207 371 1352 405 uotum
1396 372 1484 405 erat
1527 365 1632 413 eiuS,
1675 365 1743 417 qui
1775 364 1862 404 uoti

239 446 442 493 conpotes
475 438 612 479 facere
643 443 821 491 poterat.

356 511 408 550 V.
461 510 626 550 Marcus
660 508 805 548 Cicero
840 509 945 547 inter
968 506 1177 555 Catilinas,
1212 507 1385 547 Clodios
1417 508 1591 546 iactatus
1620 507 1862 558 Pompeios-

237 596 317 635 que
350 588 391 622 et
422 581 607 628 Crassos,
638 580 790 632 partim
824 578 1064 618 manifestos
1097 579 1295 626 inimicos,
1327 579 1478 630 partim
1512 577 1663 616 dubios
1696 578 1863 625 amicos,

239 655 338 693 dum
373 652 595 692 fluctuatur
627 664 720 690 cum
754 650 966 702 republica
998 655 1039 688 et
1072 649 1181 687 illam
1215 662 1384 702 pessum
1418 655 1585 688 euntem
1618 654 1756 696 tenet,
1789 661 1862 687 no-

238 724 403 763 uissime
455 723 684 769 abductus,
736 734 814 759 nec
864 720 1055 760 secundis
1106 720 1229 759 rebus
1272 721 1434 772 quietus
1477 732 1554 758 nec
1595 719 1864 758 aduersarum

237 796 419 847 patiens,
462 794 655 846 quotiens
696 791 808 831 illum
853 792 986 842 ipsum
1030 791 1291 830 consulatum
1334 801 1454 829 suum
1493 803 1577 830 non
1610 791 1697 829 sine
1730 803 1864 838 causa,

238 867 311 904 sed
355 867 440 905 sine
484 864 565 903 fine
598 864 810 902 laudatum
844 862 1103 901 detestatur?
1157 875 1283 914 quam
1317 860 1475 900 flebiles
1510 874 1635 900 uoces
1669 861 1865 913 exprimit
1892 876 1908 902 ·-

237 940 276 977 in
309 937 493 988 quadam
525 936 578 974 ad
612 934 804 973 Atticum
840 932 1016 984 epistula
1048 933 1128 971 iam
1163 933 1274 971 uicto
1306 937 1424 984 patre
1457 932 1684 984 PompeiO,
1729 931 1866 970 adhuc

237 1007 320 1046 filio
363 1009 402 1046 in
435 1006 637 1059 Hispania
679 1004 808 1043 fracta
842 1018 957 1042 arma
990 1002 1230 1042 refouente?
1275 1002 1382 1053 quid
1409 1015 1561 1053 agam,
1608 1003 1758 1054 inquit,
1800 1001 1867 1040 lm·

238 1078 442 1129 qnaeris?
474 1090 617 1115 morel·
645 1075 689 1114 in
731 1075 964 1114 Tusculano
997 1088 1085 1112 mco
1118 1073 1341 1112 semiliber.
1392 1073 1470 1112 alia
1503 1074 1699 1125 deinceps
1733 1073 1867 1121 adicit,

238 1149 385 1201 quibus
429 1154 469 1187 et
510 1148 692 1200 priorem
736 1152 918 1185 aetatem
961 1145 1181 1197 conplorat
1215 1150 1256 1184 et
1289 1145 1342 1184 de
1373 1144 1580 1197 praesenti
1613 1145 1796 1196 queritur
1826 1149 1867 1183 et

203 1233 217 1255 -·'›
239 1222 292 1260 de
324 1220 459 1259 futura
492 1220 698 1270 desperat.
763 1216 1043 1256 semiliberum
1076 1230 1120 1255 se
1154 1217 1259 1255 dixit
1293 1215 1463 1255 Cicero:
1501 1221 1544 1255 at
1578 1228 1647 1254 me
1678 1214 1867 1254 hercules
1894 1222 1912 1255 :J

238 1304 466 1344 numquam
511 1291 675 1342 sapiens
708 1288 743 1326 in
779 1294 866 1327 tam
900 1286 1054 1326 humile
1087 1300 1238 1326 nomen
1273 1287 1497 1339 procedet,
1542 1299 1769 1338 numquam
1803 1299 1866 1325 se-

239 1362 401 1402 miliber
433 1361 530 1407 erit,
575 1361 760 1411 integrae
792 1372 959 1410 semper
991 1358 1193 1397 libertatis
1226 1364 1267 1397 et
1299 1357 1480 1405 solidae,
1521 1357 1702 1405 solutus,
1735 1363 1777 1396 et
1808 1356 1869 1395 sui

238 1433 332 1472 iuris
382 1439 423 1472 et
474 1430 595 1471 altior
637 1431 794 1470 ceteris.
858 1430 956 1480 quid
1000 1429 1108 1467 enim
1152 1441 1276 1480 supra
1317 1442 1412 1467 eum
1455 1433 1597 1480 potest
1640 1441 1752 1475 esse,
1800 1427 1869 1479 qui

239 1516 365 1556 supra
396 1502 607 1542 fortunam
641 1503 726 1540 est?

359 1573 430 1612 VI.
495 1573 633 1612 Liuius
665 1572 843 1619 DrusuS,
878 1571 937 1610 uir
969 1584 1063 1610 acer
1096 1577 1136 1610 et
1168 1570 1416 1618 uehemens,
1463 1583 1557 1609 cum
1589 1568 1704 1620 leges
1736 1582 1867 1608 nouas

240 1652 281 1684 et
314 1644 423 1684 mala
457 1643 703 1683 Gracchana
736 1642 959 1689 mouisset,
1002 1643 1178 1694 stipatus
1210 1641 1364 1693 ingenti
1399 1641 1524 1681 totius
1558 1640 1699 1680 Italiae
1731 1646 1867 1687 coetu,

240 1717 399 1755 exitum
444 1728 580 1754 rerum
623 1728 706 1753 non
750 1715 993 1766 peruidens,
1045 1727 1148 1765 quas
1190 1727 1266 1752 nec
1309 1726 1435 1765 agere
1476 1712 1626 1751 licebat
1668 1725 1744 1750 nec
1786 1711 1866 1750 iam

239 1786 413 1826 liberum
461 1792 548 1825 erat
590 1784 718 1824 semel
762 1783 978 1834 incohatas
1022 1784 1270 1836 relinquere,
1316 1789 1535 1822 execratus
1578 1782 1803 1834 inquietam
1846 1795 1869 1821 a

240 1857 477 1909 primordiis
523 1858 650 1896 uitam
696 1857 843 1894 dicitur
883 1856 1061 1894 dixisse:
1110 1856 1177 1894 uni
1221 1855 1296 1893 sibi
1330 1868 1381 1892 ne
1414 1867 1543 1906 puero
1576 1854 1746 1906 quidem
1779 1866 1867 1892 um-

207 1943 219 1963 ἰ
240 1925 366 1981 quam
421 1927 541 1966 ferias
594 1927 829 1979 contigisse.
903 1939 1025 1964 ausus
1081 1931 1143 1965 est
1188 1926 1296 1964 enim
1342 1930 1383 1964 et
1427 1924 1604 1976 pupillus
1649 1923 1786 1964 adhuc
1828 1930 1870 1964 et

238 2004 530 2052 praetextatus
579 1998 782 2037 iudicibus
830 2010 924 2036 reos
973 1998 1274 2036 commendare
1315 2003 1357 2036 et
1399 1998 1575 2046 gratiam
1619 2009 1736 2035 suam
1778 1994 1869 2034 foro

239 2071 504 2123 interponere
537 2076 623 2109 tam
657 2068 879 2108 efficaciter
911 2069 1092 2120 quidem,
1126 2074 1169 2108 ut
1202 2069 1409 2119 quaedam
1442 2068 1588 2106 iudicia
1620 2066 1882 2107 constet=ab-

241 2141 311 2180 illo
355 2147 483 2193 rapta.
547 2154 629 2193 quo
673 2154 756 2179 non
800 2146 1036 2192 erumperet
1068 2145 1154 2178 tam
1188 2141 1395 2178 inmatura
1427 2139 1629 2177 ambitio?
1674 2139 1798 2178 scires
1830 2138 1870 2177 in
1897 2149 1913 2176 ·,

240 2212 401 2251 malum
434 2213 578 2263 ingens
612 2218 653 2251 et
685 2212 892 2264 priuatum
926 2217 967 2250 et
1000 2210 1210 2261 publicum
1235 2223 1452 2249 euasuram
1477 2216 1564 2249 tam
1588 2222 1870 2262 praecoquem

242 2388 254 2420 ‘1
297 2391 387 2429 parte
421 2398 547 2428 semper
582 2387 688 2428 aliqua
723 2387 932 2428 rumpebatur
961 2385 1182 2420 Gronom'us:
1221 2391 1327 2428 partes
1360 2397 1453 2426 semp
1489 2385 1595 2426 aliqua
1631 2384 1684 2427 (ua
1720 2383 1754 2417 7'71
1782 2383 1870 2427 ras.)

1453 2443 1488 2468 :id

239 2482 411 2523 rnpebam'
551 2482 567 2514 4⁷
597 2486 766 2523 compotes
889 2481 904 2514 ἶ
935 2482 1101 2514 cu.1<.P.
1229 2481 1262 2513 ll
1296 2481 1438 2522 inquadfi
1465 2481 1567 2512 atticl‘l
1693 2479 1731 2511 13
1766 2479 1870 2520 queris

357 2543 434 2572 semi
464 2542 546 2572 liber
573 2542 697 2585 (prior
726 2543 733 2572 i
761 2541 794 2574 in
823 2544 911 2577 ras.)
1041 2539 1071 2572 li
1108 2541 1248 2581 queritur
1385 2540 1420 2572 Μ’»
1456 2539 1603 2581 procidet
1634 2536 1754 2571 Haase

242 2602 281 2633 le<
318 2602 464 2641 *upuei‘i
503 2604 670 2644 (praescr
696 2613 728 2631 su
763 2601 796 2633 in
825 2602 913 2640 ras.)
1084 2602 1127 2631 20
1160 2611 1234 2630 acer
1260 2607 1287 2630 ci
1318 2598 1483 2643 (praeler
1509 2609 1526 2628 a
1554 2597 1587 2629 iu
1616 2599 1703 2636 ras.)

237 2684 274 2717 ⁴3!
316 2685 483 2724 grachana
630 2668 762 2725 stipatu⁴³
789 2684 909 2725 ingenti
1056 2688 1126 2723 celii
1257 2683 1300 2715 ⁴22
1327 2681 1435 2724 agere]
1463 2687 1540 2714 erat
1567 2691 1644 2714 cum
1672 2678 1869 2713 consecrem

239 2754 393 2784 peragere
419 2741 469 2775 ad
494 2741 698 2786 escemplum
728 2741 824 2775 Liuii
848 2744 903 2780 42,
930 2744 966 2773 15
995 2742 1213 2782 peragendum
1241 2742 1416 2782 inceptum,
1443 2739 1510 2773 sed
1533 2739 1617 2773 m'dc
1643 2749 1723 2783 epp.
1745 2740 1799 2777 59,
1828 2739 1868 2770 13

237 2808 266 2833 et
294 2804 422 2844 incepta
450 2812 546 2842 agere
573 2803 788 2842 perseuerauit
934 2800 977 2834 ⁴253
1007 2801 1176 2831 inchoatas
1203 2801 1280 2842 (cho
1306 2800 1341 2832 in
1368 2802 1455 2839 ras.)
1601 2800 1644 2831 *ΒΗ
1678 2800 1870 2839 pretextatus

356 2863 399 2893 2¹.»
427 2866 490 2891 lam
521 2872 736 2901 prm-coquvm
771 2860 981 2893 Pincianae:
1012 2871 1207 2900 1›1-‹·‹·nqne1n
