2008 3236
230 145 312 185 286
511 141 614 168 DIAL.
629 141 696 167 XII.
736 141 790 165 AD
811 141 1013 167 POLYBIVM
1034 141 1086 166 DE
1108 141 1429 168 CONSOLATIONE.
1470 145 1510 170 13.
1532 145 1571 171 Μ.

229 238 386 278 habent
429 244 472 277 ut
513 237 702 277 fortunae
744 238 965 278 saeuientis
1009 239 1185 277 modum
1227 240 1283 278 ita
1324 252 1445 291 spem
1478 254 1644 293 quoque
1678 241 1857 281 melioris

229 309 413 348 eiusdem
447 321 495 347 ac
526 310 756 361 praesentis
788 309 982 360 quietem.
1045 310 1149 348 scias
1181 308 1275 349 licet
1307 323 1357 349 ea
1379 311 1551 350 demum
1575 310 1744 351 fulmina
1766 325 1857 351 esse

228 379 459 426 iustissima,
492 392 599 430 quae
632 380 758 418 etiam
791 379 974 431 percussi
1006 379 1156 419 colunt.

346 449 462 488 XIV.
517 447 615 504 [33]
661 449 740 488 Hic
772 451 912 502 itaque
943 452 1147 502 princeps,
1180 452 1249 502 qui
1279 450 1491 502 publicum
1515 453 1698 491 omnium
1722 452 1855 493 homi-

194 534 206 555 ‚a
229 533 326 558 num
359 519 557 558 solacium
592 527 667 568 est,
701 527 771 559 aut
803 534 871 560 me
903 522 1045 560 omnia
1066 520 1221 570 fallunt,
1254 527 1324 560 aut
1345 522 1427 561 iam
1451 523 1651 562 recreauit
1673 525 1856 563 animum

180 888 207 911 10

178 1242 208 1266 15

176 1595 211 1619 ‘20

182 2304 214 2327 3⁴)

228 597 343 629 tuum
386 596 427 629 et
470 597 555 630 tam
601 604 758 642 magno
801 590 958 630 uolneri
1003 593 1162 631 maiora
1203 591 1391 632 adhibuit
1435 593 1629 632 remedia.
1693 594 1774 633 iam
1817 600 1859 634 te

228 662 341 699 omni
385 660 647 700 confirmauit
690 663 832 701 modo.
895 663 977 701 iam
1022 664 1164 702 onmia
1205 662 1424 714 exempla,
1466 663 1614 714 quibus
1647 665 1700 703 ad
1733 666 1859 704 animi

228 732 481 783 aequitatem
505 731 808 784 conpellereris‚
832 734 1096 772 tenacissima
1119 734 1323 772 memoria
1344 733 1513 773 rettulit.
1566 735 1647 773 iam
1671 737 1857 775 omnium

228 809 455 854 praecepta
486 805 721 855 sapientum
755 805 931 843 adsueta
963 804 1040 843 sibi
1075 803 1267 843 facundia
1299 805 1507 857 explicuit.
1561 805 1692 845 nullus
1720 808 1860 859 itaque
1886 822 1891 830 ·

229 873 374 912 melius
418 873 492 913 has
535 874 791 926 adloquendi
833 881 972 927 partes
1015 877 1293 927 occupauerit.
1366 875 1477 915 aliud
1520 876 1738 917 habebunt
1779 877 1861 916 hoc

229 945 393 983 dicente
425 944 589 996 pondus
623 946 752 984 uerba
785 945 896 985 uelut
928 945 982 985 ab
1011 945 1179 985 oraculo
1214 948 1349 986 missa.
1403 960 1573 986 omnem
1598 949 1681 986 uim
1704 947 1861 987 doloris

228 1016 286 1054 tui
319 1017 458 1055 diuina
490 1017 576 1055 eius
609 1017 843 1056 contundet
876 1019 1114 1057 auctoritas.
1178 1017 1286 1056 hunc
1315 1018 1453 1069 itaque
1476 1018 1550 1057 tibi
1573 1024 1677 1070 puta
1698 1019 1855 1058 dicere:

228 1100 312 1125 non
355 1092 396 1125 te
439 1086 574 1126 solum
619 1087 785 1127 fortuna
827 1089 1060 1140 desumpsit
1093 1088 1190 1136 sibi,
1235 1102 1359 1140 quem
1393 1084 1480 1128 tam
1513 1090 1629 1141 graui
1661 1089 1860 1129 adficeret

228 1157 379 1197 iniuria.
442 1156 554 1197 nulla
595 1158 748 1197 domus
791 1160 831 1197 in
864 1164 957 1198 toto
991 1158 1095 1198 orbe
1128 1165 1331 1198 terrarum
1365 1165 1435 1198 aut
1468 1166 1531 1199 est
1565 1165 1634 1199 aut
1667 1159 1740 1199 fuit
1772 1161 1861 1199 sine

228 1228 363 1280 aliqua
407 1227 734 1280 conploratione.
819 1230 1005 1268 transibo
1049 1229 1247 1282 exempla
1290 1230 1498 1281 uoIgaria,
1550 1244 1657 1283 quae
1700 1232 1861 1270 etiamsi

228 1300 410 1347 minora,
444 1305 586 1339 tamen
619 1301 836 1340 innumera
868 1306 988 1339 sunt:
1035 1301 1090 1340 ad
1124 1300 1251 1340 fastus
1284 1307 1326 1340 te
1358 1308 1398 1340 et
1431 1301 1601 1341 annales
1633 1303 1860 1354 perducam

228 1370 430 1422 publicos.
500 1372 614 1410 uides
658 1385 806 1410 omnes
848 1371 923 1410 has
966 1372 1187 1423 imagines,
1231 1386 1339 1424 quae
1382 1372 1592 1424 inpleuere
1632 1372 1858 1411 Caesarum

229 1442 404 1480 atrium?
458 1441 567 1481 nulla
606 1456 689 1481 non
722 1442 869 1481 harum
902 1441 1041 1494 aliquo
1073 1455 1243 1481 suornm
1278 1443 1551 1482 incommodo
1585 1443 1753 1495 insignis
1786 1449 1862 1483 est.

229 1525 355 1550 nemo
399 1526 481 1551 non
525 1526 579 1552 ex
622 1513 708 1552 istis
740 1514 780 1552 in
813 1519 1108 1553 ornamentum
1141 1513 1400 1553 saeculorum
1435 1513 1734 1566 refulgentibus
1766 1514 1862 1554 uiris

231 1589 301 1623 aut
344 1583 551 1623 desiderio
594 1597 762 1623 suorum
797 1574 941 1624 'tortus
985 1590 1047 1624 est
1090 1590 1160 1624 aut
1202 1598 1225 1623 a
1266 1586 1347 1624 suis
1387 1598 1481 1624 cum
1515 1587 1704 1624 maximo
1737 1587 1861 1625 animi

230 1655 411 1693 cruciatu
451 1655 710 1694 desideratus
744 1661 817 1695 est.
881 1656 980 1707 quid
1013 1655 1086 1694 tibi
1119 1655 1293 1694 reseram
1328 1654 1569 1708 Scipionem
1604 1655 1860 1705 Africanum,
1889 1664 1905 1689 -'

231 1727 293 1764 cui
327 1739 440 1764 mors
473 1724 609 1765 fratris
640 1727 679 1765 in
710 1726 834 1765 exilio
864 1728 1051 1765 nuntiata
1074 1728 1165 1766 est?
1208 1726 1240 1765 is
1262 1725 1399 1774 frater,
1432 1728 1501 1779 qui
1525 1727 1670 1778 eripuit
1693 1726 1861 1767 fratrem

232 1809 416 1843 carcere,
460 1810 543 1834 non
586 1798 723 1848 potuit
769 1798 928 1849 eripere
972 1796 1069 1836 fato.
1132 1803 1174 1837 et
1206 1811 1332 1849 quam
1366 1798 1585 1849 impatiens
1617 1798 1713 1837 iuris
1745 1798 1864 1850 aequi

231 1868 364 1919 pietas
402 1865 583 1905 Africani
628 1866 767 1915 fuerit,
812 1868 968 1907 cunctis
1011 1868 1225 1920 apparuit:
1274 1869 1426 1907 eodem
1470 1869 1579 1907 enim
1626 1869 1692 1908 die
1724 1867 1863 1921 Scipio

198 1936 466 1981 :1Africanus,
499 1951 584 1989 quo
618 1938 785 1977 uiatoris
819 1938 1010 1977 manibus
1043 1938 1211 1978 fratrem
1235 1938 1474 1987 abstulerat,
1508 1939 1673 1978 tribuno
1695 1952 1865 1991 quoque

232 2007 364 2060 plebis
407 2010 590 2060 priuatus
623 2009 878 2048 intercessit:
926 2016 1013 2049 tam
1047 2023 1203 2061 magno
1236 2016 1379 2049 tamen
1411 2009 1581 2050 fratrem
1615 2010 1865 2050 desiderauit

234 2078 298 2117 hic
330 2080 482 2126 animo,
516 2092 642 2130 quam
674 2078 930 2119 defenderat.
983 2080 1083 2132 quid
1107 2079 1282 2119 referam
1307 2080 1590 2120 Aemilianum
1614 2079 1865 2132 Scipionem,

234 2150 301 2201 qui
353 2163 435 2187 uno
488 2163 621 2201 paene
674 2151 911 2203 eodemque
953 2156 1149 2203 tempore
1191 2152 1394 2203 spectauit
1437 2153 1565 2203 patris
1608 2150 1865 2204 triumphum

235 2221 497 2271 duorumque
540 2220 712 2261 fratrum
755 2221 925 2261 sunera?
988 2221 1323 2261 adulescentulus
1365 2227 1507 2261 tamen
1550 2235 1598 2262 ac
1640 2235 1866 2275 propemo-

236 2291 336 2330 dum
368 2304 470 2343 puer
502 2297 620 2331 tanto
652 2294 792 2332 animo
825 2292 917 2332 tulit
949 2292 1059 2332 illam
1092 2292 1270 2332 familiae
1302 2306 1400 2332 suae
1432 2306 1557 2345 super
1588 2293 1722 2346 ipsum
1756 2292 1866 2332 Pauli

234 2362 491 2414 triumphum
536 2364 793 2403 concidentis
836 2363 1017 2403 subitam
1061 2364 1320 2411 uastitatem,
1371 2370 1529 2416 quanto
1574 2363 1718 2403 debuit
1761 2362 1866 2403 serre

237 2574 256 2606 53
285 2575 350 2606 eius
377 2575 550 2605 iustissima
581 2573 613 2607 E
731 2575 750 2608 G
778 2586 899 2617 magno
926 2575 1056 2606 uulnere
1078 2574 1108 2608 B
1134 2586 1289 2616 magnum
1316 2575 1437 2606 uulneri
1457 2573 1492 2608 E
1610 2574 1629 2608 8
1656 2575 1868 2616 compellere-

237 2635 279 2665 ris
307 2631 376 2667 DE
399 2635 606 2675 compelleris
638 2633 667 2667 R
787 2635 1027 2666 tenacissimam
1055 2635 1248 2665 memoriam
1276 2632 1347 2667 DE
1448 2634 1493 2664 'll
1529 2635 1683 2675 applicuit
1710 2632 1743 2667 D

242 2693 274 2725 11
308 2693 401 2723 uelud
434 2692 463 2725 B
599 2694 722 2724 ‹loloris
749 2698 779 2725 lu
808 2693 842 2727 E
983 2694 1021 2726 16
1056 2694 1222 2724 innumera
1249 2691 1394 2737 Lipsius
1420 2694 1503 2724 mira
1532 2692 1636 2727 BDE'
1769 2698 1799 2726 et
1827 2695 1867 2725 :ul

239 2752 369 2782 annales·
398 2750 428 2785 D
558 2751 588 2784 ΙῙ
630 2754 798 2794 ymagines
826 2751 858 2785 B
989 2752 1031 2785 12)
1068 2754 1099 2783 in
1125 2756 1388 2783 ornamentorum
1416 2750 1487 2785 DE
1613 2752 1658 2785 22
1692 2753 1789 2785 frater
1814 2754 1867 2794 qui

240 2812 417 2851 (nonsibi)
443 2812 556 2853 eripuit
579 2811 609 2845 B
722 2812 764 2846 ¹213
793 2813 918 2853 patiens
945 2812 1019 2843 iuris
1046 2817 1073 2842 et
1101 2813 1194 2852 aequi
1217 2810 1247 2845 B
1273 2812 1347 2842 iuris
1374 2812 1467 2852 aequi
1494 2812 1666 2853 impatiens
1686 2810 1756 2846 DE

239 2869 282 2903 *37
311 2871 495 2901 defenderat
526 2870 632 2913 nulqn
659 2871 843 2902 ‹lest-nderel
876 2869 906 2903 B
933 2871 1111 2902 defenderit
1143 2869 1211 2904 DE
1329 2870 1367 2902 :31
1399 2870 1480 2902 ferre
1506 2872 1570 2902 uim
1601 2869 1668 2904 DE

1886 819 1905 850 iv
