1977 3231
98 1072 118 1103 Ἰό

369 121 471 147 DIAL.
495 121 545 148 XI.
585 122 638 146 AD
660 122 838 147 HELVIAM
859 122 1030 147 MATREM
1053 122 1104 147 DE
1124 122 1444 148 CONSOLATIONE.
1489 125 1510 149 1.
1531 125 1556 149 2.
1686 126 1767 165 247

151 220 230 270 ptis
272 217 551 257 adlocutione.
578 230 682 269 opus
725 224 812 258 erat
854 218 1010 257 homini
1052 219 1105 258 ad
1148 218 1429 258 consolandos
1461 232 1560 258 suos
1593 233 1646 258 ex
1678 219 1769 270 ipso

150 302 256 339 rogo
299 295 422 340 caput
463 287 698 327 adleuanti?
743 289 877 328 omnis
918 296 1059 329 autem
1103 290 1348 341 magnitudo
1393 288 1546 328 doloris
1596 288 1768 328 modum

150 350 393 397 excedentis
444 371 613 398 necesse
665 365 727 398 est
782 358 979 398 dilectum
1022 359 1245 398 uerborum
1289 359 1454 410 eripiat,
1507 372 1599 398 cum
1643 373 1769 411 saepe

150 442 297 468 uocem
340 443 507 481 quoque
549 431 683 482 ipsam
725 429 981 469 intercludat.
1045 437 1268 483 utcumque
1311 431 1468 469 conitar
1506 443 1589 469 non
1622 429 1770 469 fiducia

149 500 317 550 ingenii,
360 501 435 539 sed
477 501 571 552 quia
611 514 783 552 possum
825 501 951 540 instar
993 500 1300 542 efficacissimae
1344 500 1636 540 consolationis
1678 513 1768 539 esse
1807 512 1821 535 5

148 571 234 622 ipse
276 570 526 611 consolator.
589 571 651 610 cui
693 570 790 610 nihil
831 584 1026 622 negares,
1070 571 1162 611 huic
1204 571 1285 610 hoc
1317 571 1455 624 utique
1487 577 1528 610 te
1561 584 1645 609 non
1677 584 1768 610 esse

147 647 414 693 negaturam,
458 641 552 681 licet
584 641 718 680 omnis
751 655 916 682 maeror
948 648 1177 681 contumax
1209 642 1270 689 sit,
1302 655 1446 693 spero,
1486 648 1529 680 ut
1563 642 1766 680 desiderio

146 717 220 751 tuo
254 711 351 751 uelis
384 726 407 751 a
439 725 507 751 me
539 712 714 751 modum
747 712 879 752 statui.

265 782 312 822 ΙΙ.
356 782 464 821 Vide
506 788 705 834 quantum
749 781 801 821 de
843 781 1097 833 indulgentia
1129 789 1199 822 tua
1230 782 1490 834 promiserim
1525 782 1645 821 mihi:
1692 796 1765 834 po-

147 853 367 892 tentiorem
411 866 478 891 me
519 851 700 891 futurum
744 854 856 904 apud
889 859 930 892 te
963 867 1045 892 non
1079 853 1225 892 dubito
1258 866 1381 904 quam
1415 852 1605 892 dolorem
1639 859 1766 900 tuum,

145 937 229 975 quo
262 923 356 962 nihil
389 931 451 962 est
483 923 595 975 apud
628 923 802 962 miseros
834 923 1055 975 potentius.
1123 924 1261 976 itaque
1303 937 1354 962 ne
1396 925 1535 963 statim
1579 936 1671 962 cum
1715 936 1765 962 eo

145 1007 410 1041 concurram,
454 994 582 1033 adero
625 994 735 1046 prius
779 993 831 1033 illi
873 1000 913 1033 et
951 994 1101 1046 quibus
1133 994 1336 1033 excitetur
1367 994 1581 1045 ingeram:
1629 995 1767 1032 omnia

143 1064 351 1117 proferam
396 1070 437 1103 et
479 1065 733 1112 rescindam,
776 1078 882 1117 quae
924 1065 1004 1103 iam
1050 1064 1235 1103 obducta
1276 1071 1381 1103 sunt.
1445 1065 1554 1103 di'cet
1595 1063 1760 1116 aliquis:

143 1136 258 1187 quod
301 1135 382 1174 hoc
424 1147 556 1185 genus
594 1141 656 1174 est
689 1134 952 1183 consolandi,
986 1134 1206 1174 obliterata
1238 1135 1347 1174 mala
1379 1148 1575 1173 reuocare
1608 1141 1648 1174 et
1681 1136 1763 1173 ani-

144 1219 258 1244 mum
311 1207 349 1245 in
391 1205 578 1244 omnium
621 1218 911 1244 aerumnarum
953 1218 1119 1244 suarum
1163 1212 1389 1257 conspectu
1432 1204 1651 1244 conlocare
1695 1205 1763 1243 uix

143 1276 258 1315 unius
289 1276 541 1328 patientem?
580 1277 655 1315 sed
688 1276 719 1314 is
752 1276 930 1327 cogitet,
973 1289 1259 1327 quaecumque
1292 1289 1420 1327 usque
1453 1289 1504 1314 eo
1536 1275 1765 1326 perniciosa

142 1353 247 1395 sunt,
280 1352 324 1385 ut
357 1352 502 1385 contra
533 1346 761 1385 remedium
795 1346 1087 1393 conualuerint,
1118 1346 1364 1398 plerumque
1392 1347 1602 1385 contrariis
1625 1346 1765 1386 curari.

141 1418 279 1474 omnis
310 1417 448 1469 itaque
479 1416 612 1456 luctus
644 1416 696 1456 illi
728 1431 836 1465 suos,
871 1418 1010 1456 omnia
1042 1417 1231 1468 lugubria
1262 1417 1514 1456 admouebo.
1573 1417 1654 1457 hoc
1692 1419 1766 1457 erit

142 1502 225 1527 non
269 1487 382 1527 molli
422 1489 486 1527 uia
529 1486 705 1535 mederi,
747 1489 823 1527 sed
861 1501 977 1527 urere
1010 1501 1058 1527 ac
1089 1501 1240 1527 secare.
1302 1487 1400 1540 quid
1433 1490 1688 1540 consequar?
1722 1495 1766 1528 ut

141 1558 296 1611 pudeat
328 1558 511 1597 animum
544 1565 608 1598 tot
642 1560 896 1598 miseriarum
930 1560 1132 1598 uictorem
1165 1571 1290 1610 aegre
1322 1557 1426 1598 ferre
1459 1572 1584 1597 unum
1618 1558 1765 1598 uolnus

95 1636 102 1665 ἑ
142 1629 181 1668 in
214 1642 391 1681 corpore
422 1634 509 1668 tam
542 1629 793 1668 cicatricoso.
836 1629 962 1668 fleant
983 1629 1122 1682 itaque
1144 1629 1294 1668 diutius
1318 1637 1358 1669 et
1380 1636 1562 1680 gemant,
1584 1643 1764 1681 quorum

142 1699 338 1739 delicatas
371 1705 533 1738 mentes
566 1699 776 1739 eneruauit
808 1699 935 1751 longa
966 1691 1145 1747 felicitas,
1179 1707 1219 1739 et
1251 1701 1305 1739 ad
1337 1699 1636 1739 leuissimarum
1666 1701 1762 1739 iniu-

140 1770 288 1809 riarum
323 1776 461 1809 motus
494 1770 792 1810 conlabantur:
840 1776 882 1809 at
914 1784 1091 1822 quorum
1125 1784 1272 1809 omnes
1300 1773 1394 1810 anni
1415 1785 1488 1823 per
1510 1770 1764 1810 calamitates

139 1841 398 1888 transierunt,
432 1843 674 1892 grauissima
705 1856 872 1894 quoque
904 1841 997 1881 forti
1020 1848 1062 1881 et
1083 1841 1268 1881 inmobili
1290 1843 1523 1881 constantia
1545 1841 1762 1893 perferant.

140 1925 266 1951 unum
299 1911 428 1951 habet
459 1912 633 1951 adsidua
664 1912 874 1952 infelicitas
906 1912 1088 1960 bonurn,
1136 1912 1251 1964 quod
1283 1925 1388 1964 quos
1426 1926 1592 1965 semper
1624 1918 1762 1959 uexat,
1807 1932 1816 1945 ³

139 1982 362 2021 nouissime
394 1983 568 2022 indurat.
630 1983 783 2022 nullam
816 1983 890 2022 tibi
922 1982 1085 2023 fortuna
1117 1985 1379 2023 uacationem
1413 1983 1550 2031 dedit,
1593 1989 1634 2022 et
1672 1997 1763 2034 gra-

139 2052 313 2092 uissimis
346 2052 523 2092 luctibus
556 2066 607 2093 ne
629 2053 811 2093 natalem
828 2054 1003 2106 ‚quidem
1026 2060 1141 2093 tuum
1165 2054 1350 2106 excepit:
1394 2054 1563 2093 amisisti
1586 2060 1763 2093 matrem

137 2124 277 2163 statim
311 2129 429 2171 nata,
472 2124 603 2163 immo
637 2125 737 2163 dum
770 2124 970 2171 nasceris,
1014 2130 1054 2163 et
1087 2125 1140 2167 ad
1174 2126 1301 2163 uitam
1334 2125 1654 2176 quodammodo
1688 2138 1760 2163 ex-

139 2194 274 2245 posita
307 2207 360 2233 eS.
425 2195 585 2234 creuisti
618 2195 695 2234 sub
728 2208 918 2234 nouerca.
971 2208 1096 2247 quam
1129 2202 1172 2234 tu
1205 2195 1375 2247 quidem
1408 2195 1521 2235 omni
1560 2195 1761 2247 obsequio

138 2269 179 2303 et
212 2265 378 2317 pietate,
412 2271 567 2317 quanta
599 2265 664 2304 uel
697 2266 736 2304 in
768 2265 848 2305 filia
881 2265 1039 2317 concipi
1070 2271 1222 2317 potest,
1257 2271 1435 2305 matrem
1468 2265 1553 2304 fieri
1577 2267 1761 2317 coegisti.

136 2333 233 2373 nulli
264 2332 406 2374 tar'nen
438 2349 522 2375 non
555 2348 710 2388 magno
743 2336 928 2376 constitit
959 2336 1084 2376 etiam
1116 2335 1229 2375 bona
1260 2349 1450 2376 nouerca.
1513 2335 1760 2376 auunculum

1068 2530 1090 2547 s.
1109 2520 1280 2552 magnitudo
1296 2520 1408 2545 doloris

137 2557 156 2590 3
192 2558 344 2589 dilectum
379 2555 596 2591 deteriores:
634 2558 761 2590 delecti-1
908 2557 926 2589 -i
964 2562 1045 2590 inter
1079 2558 1186 2589 cludat
1214 2563 1246 2588 ut
1271 2562 1349 2599 cs1q;
1380 2564 1576 2602 (suprascr.
1605 2568 1648 2590 m.
1677 2558 1760 2591 real

255 2639 273 2672 5
309 2640 408 2671 instar
434 2640 658 2679 efficacissime
686 2639 715 2681 (r
740 2643 773 2672 et
799 2640 832 2670 ef
854 2640 887 2673 in
915 2641 1003 2674 ras)
1126 2642 1145 2671 Sl
1184 2624 1382 2681 promiserim
1511 2639 1549 2672 10
1582 2644 1655 2681 aput
1683 2640 1706 2680 (t
1726 2639 1759 2671 ite

136 2699 156 2729 d
183 2699 291 2740 corr.)
418 2698 454 2732 ll
493 2703 567 2740 aput
595 2699 619 2740 (t
644 2698 678 2732 in
698 2699 718 2728 d
738 2699 848 2739 corr.)
984 2700 1023 2731 lo'
1058 2700 1163 2730 onmis
1191 2699 1296 2739 itaque
1322 2699 1421 2729 luctus
1449 2697 1663 2731 deteriores:
1693 2698 1759 2728 ofni

135 2781 212 2821 itaq3
241 2765 340 2811 luctuS
476 2782 661 2812 admonebo
690 2780 792 2814 dem:
822 2782 1008 2812 admonebo
1146 2779 1190 2813 ⁴20
1225 2781 1334 2812 uulnus
1471 2780 1514 2814 “28
1542 2786 1616 2811 nata
1644 2780 1757 2811 imodu

136 2838 242 2880 (incer
268 2850 286 2869 a
312 2843 344 2872 ec
363 2840 372 2870 i
391 2849 475 2880 ras„
496 2844 617 2884 potest
640 2839 758 2883 fnisse
785 2840 829 2883 in)
951 2840 994 2873 :30
1021 2841 1150 2882 concipi
1177 2837 1380 2873 Bentleius:
1410 2840 1554 2881 conspici

1791 862 1819 886 10

1789 1214 1816 1239 15

1785 1566 1818 1591 20

1782 2274 1814 2297 :50
