2008 3221
178 849 206 872 10

232 112 254 147 ς
514 106 616 132 Dim,
646 105 668 130 1.
696 104 829 137 QVARE
857 103 1003 136 ALIQVA
1030 102 1278 128 INCOMMoDA
1305 101 1423 128 130le
1451 103 1517 128 VIR
1530 102 1582 135 IS?

230 205 398 245 Vatinio
454 202 714 256 postfcratur.
786 213 914 252 graue
964 205 1025 239 est
1071 198 1254 239 ciuilibus
1304 198 1420 239 bellis
1469 199 1691 239 interesse:
1760 205 1854 239 toto

229 284 431 316 terrarum
475 273 577 313 orbe
617 286 693 324 pro
737 285 860 310 causa
902 271 1015 310 bona
1056 276 1143 309 tam
1186 269 1396 309 infeliciter
1434 284 1560 323 quam
1592 270 1855 324 pertinaciter

230 346 384 386 militet.
453 357 581 396 graue
630 349 691 381 est
734 355 880 381 manus
922 340 997 380 sibi
1040 339 1228 379 adferre:
1296 340 1425 380 faciat.
1494 342 1594 394 quid
1635 355 1709 394 per
1754 340 1857 380 haec

229 417 485 467 consequar?
549 419 593 452 ut
635 426 782 451 omnes
825 412 954 451 sciant
996 424 1080 450 non
1124 424 1214 450 esse
1256 411 1360 451 haec
1405 411 1532 460 mala,
1584 412 1733 465 quibus
1776 425 1857 464 ego

229 487 420 538 dignum*
435 484 639 524 Catonem
673 482 827 535 putaui.

347 555 417 594 IV.
481 555 710 606 Prosperae
744 566 807 592 res
847 559 888 592 et
925 553 964 591 in
996 551 1165 604 plebem
1205 565 1253 591 ac
1285 552 1379 591 uilia
1411 552 1574 603 ingenia
1607 553 1853 592 deueniunt:

228 634 269 667 at
303 625 556 666 calamitates
589 631 852 675 terroresque
885 622 1121 662 mortalium
1155 622 1232 661 sub
1264 623 1406 674 iugum
1440 623 1605 662 mittere
1643 624 1857 676 proprium

230 697 369 749 magni
411 696 481 735 uiri
522 701 594 735 est.
658 708 823 747 semper
863 708 963 733 uero
1008 707 1098 733 esse
1140 692 1301 733 felicem
1344 699 1384 732 et
1423 694 1510 733 sine
1552 708 1692 733 morsu
1735 695 1858 734 animi

228 768 398 808 transire
421 767 548 806 uitam
572 766 763 818 ignorare
787 771 850 804 est
879 778 1017 804 rerum
1049 771 1219 804 naturae
1243 764 1417 804 alteram
1441 770 1616 817 partem.
1681 778 1858 817 magnus
1885 774 1889 780 ·

227 840 286 878 uir
318 851 383 878 es:
419 838 494 877 sed
527 838 637 876 unde
658 837 754 884 scio,
788 838 820 875 si
843 835 914 875 tibi
937 835 1099 875 fortuna
1120 849 1205 874 non
1228 835 1300 875 dat
1323 834 1567 875 facultatem
1590 834 1859 875 exhibendae

228 910 412 949 uirtutis?
458 907 707 947 descendisti
741 906 793 946 ad
827 906 1050 958 Olympia,
1093 906 1168 946 sed
1201 919 1327 945 nemo
1360 912 1524 958 praeter
1557 913 1619 946 te:
1658 920 1858 947 coronam

226 980 377 1027 habes,
421 979 633 1018 uictoriam
677 991 761 1017 non
803 977 956 1026 habes3
1004 990 1087 1016 non
1131 977 1318 1029 gratulor
1357 983 1578 1029 tamquam
1622 978 1708 1017 uiro
1753 977 1859 1025 forti,

226 1052 300 1090 sed
342 1057 557 1102 tamquam
610 1048 871 1089 consulatum
921 1054 1213 1100 praeturamue
1258 1048 1441 1100 adepto:
1495 1048 1656 1088 honore
1713 1054 1858 1088 auctus

227 1136 280 1161 es.
342 1121 453 1160 idem
487 1121 623 1159 dicere
655 1126 696 1159 et
729 1119 843 1159 bono
878 1119 966 1158 uiro
999 1132 1196 1172 possum,
1239 1119 1271 1158 si
1303 1118 1355 1158 illi
1396 1118 1549 1158 nullam
1592 1118 1857 1158 occasionem
1886 1129 1891 1157 .·

193 1210 206 1231 5
228 1192 427 1232 difficilior
451 1205 568 1231 casus
593 1191 709 1230 dedit
731 1191 770 1229 in
793 1203 875 1242 qua
900 1190 1009 1242 [una]
1035 1191 1119 1229 uim
1143 1190 1203 1229 sui
1225 1190 1349 1229 animi
1364 1191 1617 1229 ostenderet.
1661 1190 1858 1229 miserum

229 1270 269 1303 te
302 1262 457 1309 iudico,
500 1263 617 1314 quod
660 1275 886 1314 numquam
930 1260 1037 1301 fuisti
1082 1261 1215 1300 miser.
1278 1261 1458 1300 transisti
1501 1261 1589 1300 sine
1621 1261 1859 1301 aduersario

229 1336 367 1374 uitam.
430 1347 554 1373 nemo
586 1333 687 1372 sciet
720 1333 820 1385 quid
852 1332 1050 1385 potueris.
1123 1346 1175 1372 ne
1207 1338 1250 1371 tu
1283 1332 1452 1384 quidem
1488 1332 1585 1384 ipse.
1660 1346 1766 1385 opus
1796 1338 1860 1372 est

229 1406 338 1445 enim
371 1406 423 1444 ad
456 1404 644 1444 notitiam
678 1404 737 1443 sui
773 1403 1075 1456 experimento.
1138 1402 1235 1455 quid
1258 1403 1434 1455 quisque
1456 1409 1600 1455 posset
1622 1403 1695 1442 nisi
1722 1409 1856 1456 temp-

229 1477 357 1515 tando
400 1489 483 1514 non
528 1474 682 1514 didicit.
751 1475 890 1527 itaque
922 1474 1093 1527 quidam
1127 1474 1201 1527 ipsi
1234 1474 1342 1513 ultro
1374 1487 1419 1513 se
1452 1473 1711 1514 cessantibus
1743 1473 1860 1514 malis

176 1562 189 1586 2
229 1547 467 1599 optulerunt
511 1552 551 1585 et
593 1546 732 1585 uirtuti
774 1546 906 1585 iturae
947 1546 986 1585 in
1025 1545 1250 1585 obscurum
1300 1545 1565 1585 occasionem
1615 1558 1690 1598 per
1733 1559 1858 1598 quam

229 1618 472 1657 enitesceret
514 1617 786 1669 quaesierunt.
849 1617 1056 1670 gaudent,
1102 1617 1295 1669 inquam,
1337 1616 1477 1668 magni
1521 1616 1593 1655 uiri
1635 1615 1859 1669 aliquando

230 1688 351 1727 rebus
384 1688 589 1736 aduersis,
634 1700 719 1727 non
751 1687 868 1727 aliter
899 1701 1025 1740 quam
1059 1687 1189 1727 fortes
1222 1687 1372 1727 milites
1403 1686 1543 1735 bellis5
1581 1686 1858 1740 Triumphum

229 1773 309 1811 ego
344 1758 648 1798 murmillonem
682 1759 760 1798 sub
792 1759 962 1798 Tiberio
998 1758 1176 1798 Caesare
1209 1759 1262 1797 de
1283 1759 1450 1797 raritate
1483 1771 1700 1797 munerum
1724 1758 1861 1797 audiui

228 1836 497 1882 querentem:
544 1843 670 1881 quam
704 1829 834 1879 bella,
880 1830 1029 1881 inquit,
1072 1835 1187 1868 aetas
1230 1830 1361 1881 perit!
1439 1828 1561 1868 auida
1599 1834 1663 1868 est
1694 1827 1861 1881 periculi

176 1915 208 1939 251
230 1901 356 1940 uirtus
390 1907 430 1940 et
462 1913 546 1952 quo
579 1901 736 1949 tendat,
770 1914 853 1939 non
887 1901 986 1952 quid
1018 1913 1189 1953 passura
1222 1900 1271 1939 sit
1295 1900 1472 1951 cogitat,
1506 1900 1703 1952 quoniam
1734 1899 1859 1938 etiam

231 1973 345 2023 quod
399 1985 570 2024 passura
623 1978 685 2011 est
745 1971 903 2023 gloriae
956 1985 1051 2023 pars
1105 1977 1178 2010 est.
1263 1970 1460 2010 militares
1513 1971 1584 2010 uiri
1634 1970 1862 2022 gloriantur

232 2041 479 2090 uolneribus,
513 2041 607 2081 laeti
640 2041 839 2082 fluentem
873 2041 1031 2081 meliori
1063 2055 1160 2081 casu
1193 2042 1438 2093 sanguinem
1472 2047 1694 2085 ostentant.
1749 2040 1860 2080 idem

232 2112 325 2152 licet
365 2111 534 2152 fecerint
587 2113 655 2165 qui
698 2113 845 2165 integri
889 2118 1152 2153 reuertuntur
1204 2126 1258 2151 ex
1313 2112 1417 2161 acie,
1470 2113 1603 2164 magis
1651 2117 1863 2165 spectatur

232 2268 250 2295 :3
278 2275 389 2295 manus
424 2265 483 2295 sibi
520 2264 597 2299 cod.
625 2266 684 2297 sibi
713 2276 826 2296 manus
860 2263 968 2310 uulfso
1090 2265 1202 2296 afferre
1316 2265 1375 2296 hec
1491 2266 1510 2295 «ἱ
1546 2275 1723 2306 prosperae
1757 2275 1806 2295 res
1833 2268 1863 2295 et

1188 2316 1198 2342 ῒ

235 2357 373 2403 ΙΙὰιψίε
408 2329 617 2401 Imperareseil
745 2360 757 2392 ἶ
787 2361 952 2401 proprium
983 2358 1094 2404 Neap.
1126 2351 1219 2402 {ipat-1
1249 2358 1269 2392 τ’.
1290 2369 1317 2392 e.
1346 2369 1471 2403 1)ι.])ν.
1498 2359 1708 2400 promptium,
1736 2368 1779 2391 m.
1801 2355 1861 2391 all.

232 2422 417 2458 promptum
524 2418 559 2450 11)
587 2418 790 2449 fact-uitatem
897 2418 926 2450 11
958 2419 983 2449 si
1010 2430 1105 2449 nemo
1133 2406 1333 2453 Pincianus
1446 2418 1481 2450 12
1509 2421 1661 2458 tanquam
1772 2416 1863 2447 fortis

234 2482 261 2506 (s
284 2474 415 2509 deleta,
523 2477 556 2508 11:
586 2479 705 2517 tanqua
812 2477 843 2509 1-1
875 2478 1082 2509 occasionem
1111 2478 1168 2519 (m.
1191 2480 1208 2510 2
1238 2477 1273 2511 in
1299 2476 1477 2521 ιηανφίηε)
1577 2475 1610 2507 1ἴ1
1638 2486 1700 2506 una
1726 2474 1864 2508 inducit

236 2534 343 2567 (r'erlz
372 2535 491 2574 (uiuam
510 2533 666 2579 Lipsius,
692 2537 872 2567 uniuersam
892 2535 1026 2577 Haase)
1151 2537 1188 2570 ⁸2!
1223 2538 1353 2578 inquam
1382 2534 1455 2569 E‘2:
1486 2536 1554 2577 inqt
1675 2535 1718 2567 2·ss
1746 2533 1859 2571 bellis3

233 2594 447 2634 Triumphum
464 2592 661 2627 Rubenius:
684 2595 759 2625 belli
780 2596 914 2636 trisipho
934 2596 970 2633 (b
988 2605 1038 2629 ex
1056 2607 1073 2627 u
1093 2605 1192 2636 συνη-
1207 2600 1289 2640 post
1307 2595 1382 2627 belli
1402 2604 1465 2628 ras
1485 2599 1516 2627 cc
1533 2603 1647 2638 supra
1665 2604 1685 2625 0
1703 2593 1789 2633 ras.)

234 2656 276 2685 ‘3st
297 2653 432 2683 Tiberio
459 2654 598 2683 Caesare
626 2651 788 2686 Fickert:
825 2655 863 2687 Τ,
884 2656 1003 2694 cesare
1117 2655 1159 2687 ’3.’1
1187 2655 1287 2685 tendit
1393 2653 1433 2686 ‘34‘
1465 2653 1588 2685 meliori
1617 2663 1692 2683 casu
1720 2650 1863 2696 Lipsius

233 2721 271 2743 se
289 2720 419 2754 castere
445 2710 599 2753 nessanil,
630 2710 832 2744 (it-onomius
847 2711 991 2755 frustra
1018 2712 1208 2758 explicare
1225 2711 1365 2752 stude&
1391 2712 1520 2743 medico
1544 2711 1703 2752 obliganti
1724 2710 1861 2744 conieci

235 2768 324 2800 mul.
344 2768 411 2802 (lic.
437 2768 537 2802 Tusc·¹
560 2772 589 2807 2,
610 2773 652 2801 :555
672 2777 701 2800 at
724 2781 798 2801 uero
819 2772 870 2802 ille
889 2773 1078 2803 exercitatus·
1105 2777 1133 2803 ct
1153 2779 1240 2803 uetus
1267 2773 1309 2801 ob
1330 2782 1465 2812 eamque
1483 2781 1548 2801 rem
1569 2770 1681 2801 fortior
1701 2770 1862 2800 medicum

238 2829 337 2859 modo
366 2830 537 2870 requirens,
564 2841 581 2859 a
607 2840 669 2869 quo
697 2830 856 2870 obligetur

1886 770 1904 801 1-
