2008 3221
210 859 239 883 ¹0

211 1216 240 1241 15

208 1569 242 1595 20

267 120 344 157 154
584 113 688 141 DlAL.
713 113 760 139 VI.
799 113 854 138 AD
875 112 1064 138 MARCIAM
1086 112 1138 138 DE
1157 112 1482 139 CONSOLATIONE.
1521 115 1564 139 ⁴26.

261 211 359 263 fingi
391 217 462 250 aut
495 211 666 262 cogitari
698 223 774 249 nec
806 209 896 249 fora
928 207 1065 248 litibus
1097 212 1283 260 strepere
1316 209 1404 248 dies
1436 216 1683 262 perpetuos,
1715 208 1813 248 nihil
1846 209 1884 248 in

261 283 453 329 obscuro,
486 282 674 320 detectas
707 287 868 320 mentes
896 286 938 319 et
970 286 1114 332 aperta
1145 280 1388 331 praecordia
1410 288 1451 320 et
1473 280 1513 319 in
1534 279 1701 333 publico
1726 280 1883 319 medio-

261 367 340 405 que
373 353 499 391 uitam
533 346 583 390 et'
607 351 742 390 omnis
774 351 863 390 aeui
896 356 1166 403 prospectum
1189 350 1549 403 uenientiumque?
1583 351 1749 390 iuuabat
1770 351 1887 390 unius
1913 349 1932 382 ὃ

262 437 330 463 me
371 422 521 462 saeculi
562 422 672 462 facta
713 435 952 474 conponere
994 422 1032 460 in
1077 427 1195 474 parte
1226 421 1371 461 ultima
1403 422 1545 461 mundi
1578 428 1619 461 et
1651 422 1756 461 inter
1787 436 1885 474 pau-

261 494 447 533 cissimos
480 499 619 545 gesta:
657 500 720 533 tot
752 492 927 540 saecula,
960 499 1024 532 tot
1056 493 1254 532 aetatium
1289 497 1533 532 contextam
1566 492 1735 539 seriem,
1769 493 1885 544 quid-

260 553 358 617 quid
391 577 595 603 annorum
630 571 702 611 est,
735 563 829 603 licet
862 564 1003 603 uisere.
1047 563 1139 602 licet
1171 568 1414 611 surrectura,
1447 562 1541 602 licet
1574 563 1728 603 ruitura
1760 576 1889 615 regna

260 636 497 687 prospicere
540 642 581 674 et
626 649 872 687 magnarum
915 635 1075 674 urbium
1128 633 1265 687 lapsus
1309 640 1351 674 et
1393 634 1516 673 maris
1559 648 1693 673 nouos
1735 647 1886 674 cursus.

260 719 355 744 nam
389 706 420 745 si
452 705 526 745 tibi
558 712 700 758 pitest
731 706 887 746 solacio
910 719 1011 745 ¹esse
1045 705 1223 745 desideri
1255 705 1311 744 tui
1344 719 1568 744 commune
1600 705 1751 754 fatum,
1791 704 1888 744 nihil
1915 702 1934 736 6

260 790 343 829 quo
386 782 469 816 stat
511 776 605 816 loco
639 777 785 825 stabit,
829 778 970 816 omnia
1002 783 1157 816 sternet
1200 776 1465 828 abducetque
1507 789 1649 816 secum
1693 781 1888 816 uetustas.

259 861 337 887 nec
379 847 616 887 hominibus
659 848 794 887 solum
836 852 978 900 (quota
1021 848 1129 887 enim
1173 848 1249 886 ista
1280 846 1474 887 fortuitae
1507 847 1719 899 potentiae
1750 848 1888 900 portio

261 921 386 966 est?'),
430 918 502 958 sed
536 918 653 967 locis,
686 920 761 958 sed
795 919 1054 971 regionibus,
1087 919 1162 958 sed
1196 918 1337 958 mundi
1370 918 1555 971 partibus
1587 917 1712 958 ludet.
1775 924 1889 957 totos

259 990 489 1042 supprimet
528 996 694 1030 montes
727 997 767 1030 et
800 990 895 1030 alibi
927 1004 1049 1043 rupes
1082 990 1119 1028 in
1153 989 1282 1029 altum
1315 1003 1445 1029 nouas
1479 989 1697 1042 exprimet.
1762 989 1890 1028 maria

260 1060 468 1108 sorbebit,
522 1060 691 1100 flumina
733 1067 891 1100 auertet
935 1067 976 1100 et
1019 1061 1274 1100 commercio
1318 1061 1503 1112 gentium
1549 1065 1672 1112 rupto
1713 1059 1887 1099 societa-

261 1138 346 1170 tem
381 1132 542 1183 generis
574 1131 742 1171 humani
776 1141 1028 1184 coetumque
1052 1131 1263 1171 dissoluet.
1326 1131 1420 1170 alibi
1443 1130 1622 1171 hiatibus
1644 1131 1769 1170 uastis
1791 1130 1888 1170 sub-

262 1203 386 1241 ducet
429 1203 571 1250 urbes,
615 1203 863 1242 tremoribus
905 1204 1063 1255 quatiet
1107 1210 1147 1242 et
1189 1216 1243 1241 ex
1275 1202 1418 1241 infimo
1451 1201 1709 1254 pestilentiae
1741 1200 1891 1241 halitus

263 1273 400 1312 mittet
449 1280 490 1312 et
539 1274 875 1314 inundationibus
918 1274 1117 1326 quidquid
1161 1273 1370 1312 habitatur
1413 1273 1598 1312 obducet
1643 1272 1889 1324 necabitque

262 1357 388 1383 omne
419 1344 570 1383 animal
602 1345 705 1384 orbe
737 1345 955 1384 submerso
988 1351 1030 1384 et
1061 1345 1224 1397 ignibus
1257 1344 1382 1384 uastis
1415 1343 1592 1383 torrebit
1613 1344 1890 1396 incendetque

263 1415 464 1454 mortalia.
528 1422 569 1455 et
611 1429 704 1455 cum
748 1422 914 1469 tempus
947 1415 1180 1463 aduenerit‚
1213 1429 1297 1467 quo
1330 1429 1374 1454 se
1407 1415 1586 1454 mundus
1620 1421 1890 1454 renouaturus

263 1487 492 1537 extinguat,
526 1487 677 1526 uiribus
710 1487 787 1526 ista
819 1501 864 1526 se
895 1488 976 1526 suis
1010 1486 1186 1526 caedent
1218 1493 1260 1526 et
1293 1487 1428 1526 sidera
1459 1486 1662 1526 sideribus
1684 1487 1890 1526 incurrent

262 1563 303 1595 et
346 1558 456 1596 omni
501 1557 703 1609 flagrante
746 1558 920 1597 materia
962 1572 1045 1597 uno
1088 1559 1183 1609 igne
1225 1558 1425 1610 quidquid
1458 1570 1566 1596 nunc
1599 1570 1653 1596 ex
1686 1557 1890 1610 disposito

261 1627 369 1667 lucet
403 1628 576 1668 ardebit.
636 1643 712 1669 nos
743 1643 910 1681 quoque
943 1628 1079 1668 felices
1112 1629 1274 1668 animae
1307 1634 1348 1668 et
1380 1626 1549 1668 aeterna
1580 1629 1763 1676 sortitae,
1795 1641 1889 1668 cum
1917 1634 1937 1668 7

263 1699 345 1737 deo
379 1700 511 1738 uisum
545 1701 619 1739 erit
652 1701 797 1739 iterum
833 1701 910 1740 ista
943 1700 1086 1748 moliri,
1119 1699 1356 1739 labentibus
1387 1700 1543 1739 cunctis
1566 1706 1607 1738 et
1630 1700 1742 1751 ipsae
1765 1712 1891 1752 parua

265 1772 404 1809 urinae
447 1771 625 1822 ingentis
668 1772 849 1811 accessio
894 1772 932 1810 in
975 1772 1144 1823 antiqua
1187 1770 1394 1810 elementa
1437 1776 1655 1810 uertemur.
1728 1769 1891 1810 felicem

263 1840 389 1880 filium
424 1847 551 1890 tuum,
584 1842 750 1890 Marcia,
784 1844 849 1894 qui
883 1843 959 1882 ista
991 1843 1071 1881 iam
1105 1843 1244 1881 nouit!

264 1956 543 1971 s—„mffijffi

264 2030 283 2061 4
318 2041 515 2070 componere
669 2031 697 2061 in
742 2035 832 2071 pai-tc
867 2031 998 2061 minima
1038 2028 1185 2074 Madnlss
1219 2028 1284 2063 sed
1315 2038 1364 2062 ex
1406 2028 1571 2066 orbilium
1616 2027 1745 2073 quibus
1782 2027 1896 2062 Stoici

265 2087 433 2122 mundum
461 2094 628 2123 consuere
648 2088 837 2133 putabant.
867 2095 965 2122 [erra
993 2088 1107 2122 medio
1133 2088 1172 2121 id
1189 2095 1240 2122 esc
1266 2087 1388 2121 ultimo
1407 2087 1654 2121 continebatur
1766 2088 1784 2120 ὃ
1812 2099 1890 2119 con-

266 2176 383 2202 textam
410 2172 524 2202 seriem
554 2170 722 2214 liladm'q:
754 2177 938 2203 contextum
966 2173 1079 2203 seriem
1188 2174 1208 2201 ὃ
1235 2172 1374 2203 desideri
1490 2170 1509 2201 9
1538 2157 1796 2212 ηϋάιιοεὶεμὸθςῃ

274 2230 309 2263 10
343 2236 441 2271 quota
478 2233 507 2271 (a
537 2230 569 2263 in
598 2232 684 2268 ras.)
862 2231 891 2263 11
933 2236 1017 2262 totos
1047 2231 1171 2264 Gertz:
1202 2236 1242 2262 101
1260 2242 1279 2260 ÷÷
1329 2231 1416 2271 (ras.
1446 2229 1549 2263 unius
1575 2228 1726 2263 litterae&

274 2289 309 2322 12
345 2291 520 2331 supprimet
548 2289 764 2323 delerioresz
794 2291 963 2332 supprimit
1084 2291 1114 2321 in
1134 2291 1233 2321 altum
1253 2288 1470 2323 deleriores:
1501 2290 1531 2320 in
1552 2289 1648 2320 alium
1779 2288 1810 2321 lssi
1841 2299 1892 2328 09-

264 2342 396 2390 ‘tumque
516 2350 686 2380 subdueeat·
715 2352 803 2384 (ras.
832 2348 986 2383 duarum
1015 2348 1231 2391 le'lterarmn)
1343 2348 1384 2381 15
1410 2350 1526 2389 quatiet
1555 2353 1584 2379 ct
1611 2359 1647 2379 ex
1674 2346 1890 2381 deteriores:

265 2419 327 2449 qua
362 2435 369 2442 .
391 2434 396 2439 .
417 2433 423 2439 .
445 2412 514 2440 ..et
548 2420 584 2439 ex
619 2407 698 2442 cod.
734 2419 813 2441 cnm
847 2418 981 2442 rasura
1164 2408 1341 2449 pestilentie
1383 2405 1461 2440 cod.
1497 2407 1575 2440 ilem
1613 2405 1781 2451 Neapol..
1823 2416 1892 2439 nou

266 2467 449 2508 pestilentes
579 2467 614 2499 113
650 2468 768 2499 halitus
795 2469 898 2498 mittet
925 2466 1143 2501 deteriores:
1180 2467 1273 2498 alitus
1299 2467 1395 2497 mittit
1449 2461 1458 2468 “
1541 2466 1727 2506 ιιεοα1)ἰ[(].·κ-

269 2524 311 2558 17
338 2526 470 2557 torrebit
499 2525 627 2569 mclyo:
657 2528 775 2557 orrebit
921 2526 956 2559 19
984 2527 1097 2558 cedent
1247 2524 1291 2558 20
1318 2525 1383 2565 igni
1517 2526 1560 2557 ¹22
1589 2525 1647 2555 ista
1674 2522 1890 2557 deteriores:

266 2584 359 2615 istam
484 2586 550 2625 ipse
