2008 3221
261 136 372 161 XXXII
800 133 853 158 DE
873 131 1021 158 CODICE
1041 131 1354 159 MEDIOLANENSI.

259 236 376 271 cimus
410 233 443 278 2,
487 233 545 278 12,
580 232 602 267 3
622 248 629 276 ;
676 241 864 278 compesco
900 229 935 275 7,
972 229 1044 275 10,
1079 230 1129 275 33
1166 231 1359 277 conpesci!
1392 232 1438 275 4,
1473 231 1514 276 6,
1549 230 1598 277 2;
1645 232 1889 278 conplectens

262 305 306 350 7,
352 304 397 348 S,
441 304 491 348 43
547 303 793 349 complerique
843 301 889 345 5,
933 300 1009 345 40,
1054 299 1104 344 3;
1161 295 1439 348 compositaque
1482 302 1524 347 5,
1568 301 1643 347 35,
1688 302 1738 346 3;
1797 313 1886 339 con-

255 376 373 423 positi
414 375 472 418 11,
507 373 552 417 5,
587 374 638 417 3,
676 372 908 419 ewponilw'
943 371 987 416 4,
1023 371 1068 415 3,
1103 370 1154 415 3,
1192 372 1408 418 emm-ende?
1441 371 1477 416 7,
1511 373 1558 417 4,
1598 373 1642 416 l;
1679 382 1890 419 conpressa

263 448 309 484 ἴ),
364 444 410 484 4,
467 444 514 488 23
581 452 792 489 eonprawx
846 441 892 482 7,
949 441 992 486 1,
1047 439 1097 486 2;
1155 452 1177 477 e
1228 439 1377 491 quibus
1428 440 1482 478 ad
1535 439 1745 490 scriptoris
1798 454 1888 479 ora-

261 515 415 552 tionem
459 510 793 549 constituendam
839 509 881 547 id
923 509 1102 560 sumpsi,
1145 517 1188 548 ut
1231 515 1326 548 ante
1364 523 1392 559 p
1435 516 1475 548 et
1517 513 1531 548 l
1575 522 1649 549 con
1690 510 1889 549 intactum

261 584 553 633 relinquerem,
598 586 691 619 ante
735 579 909 631 reliquas
953 579 1108 618 litteras
1152 579 1340 618 codicem
1384 593 1598 631 sequerer,
1641 581 1757 632 quod
1788 581 1889 619 item

261 655 369 692 tenui
403 655 440 691 in
474 651 644 690 uocibus
676 652 959 697 ammonendi,
1000 653 1275 698 srmzmiltende',
1317 649 1524 689 similibus.
1599 650 1762 702 Quibus
1799 664 1888 690 om-

261 724 381 763 nibus
424 729 464 761 et
507 722 660 760 codicis
703 726 743 759 et
787 721 957 759 rationis
1000 734 1082 772 ope
1114 721 1170 760 ita
1212 721 1446 759 constitutis
1488 720 1641 759 facturn
1682 728 1744 772 est
1777 728 1820 760 ut
1852 722 1889 760 in

262 795 339 833 hac
371 792 680 832 adsimilationis
723 805 876 842 genere
910 791 1109 830 Haasium
1154 790 1236 830 fere
1278 792 1394 842 sequi
1433 791 1572 831 liceret
1605 805 1761 843 magno
1794 805 1890 830 meo

261 865 414 915 gaudio
448 877 530 901 non
563 876 733 914 prorsus
765 862 1001 913 interruptis
1035 861 1291 909 staminibus,
1325 862 1474 914 quibus
1497 868 1641 901 nostra
1662 875 1756 901 eum
1790 862 1891 901 illius

262 949 387 987 opera
430 933 664 985 copulatur,
709 946 759 971 eo
804 934 936 983 magis
978 933 1093 984 quod
1125 932 1191 971 uel
1224 933 1409 971 maxime
1442 933 1479 971 in
1513 933 1637 972 rebus
1670 932 1889 984 orthogra-

261 1005 389 1056 phicis
431 1012 572 1043 tamen
615 1004 712 1041 satis
756 1003 931 1042 multum
974 1003 1027 1041 ab
1070 1016 1121 1041 eo
1175 1004 1456 1042 recedendum
1500 1010 1589 1042 erat
1631 1004 1757 1056 idque
1799 1005 1890 1056 ipso

262 1076 405 1114 codice
448 1076 552 1113 duce
595 1080 636 1112 et
679 1080 860 1113 auctore.
926 1073 993 1112 Ac
1035 1074 1214 1125 primum
1258 1074 1426 1125 quidem
1471 1081 1715 1113 constanter
1746 1087 1765 1111 s
1795 1080 1892 1126 post

262 1160 311 1185 eso·
352 1147 389 1184 in
432 1145 567 1184 uerbis
610 1144 838 1196 conpositis
882 1144 1019 1183 codex
1064 1144 1211 1192 abicit,
1254 1146 1508 1196 paucissimis
1548 1145 1697 1184 diuersi
1730 1145 1891 1197 generis

261 1216 463 1268 exemplis
497 1216 671 1262 relictis,
709 1217 819 1254 idem
854 1218 1068 1265 quendam,
1103 1218 1285 1262 eandem,
1319 1218 1540 1262 eorumdem,
1574 1218 1817 1265 quorundam
1851 1221 1892 1254 et

261 1301 366 1339 quae
409 1293 502 1325 sunt
545 1286 688 1325 similia
731 1285 932 1324 exhibere
973 1292 1237 1337 perseuerat3
1287 1289 1478 1335 quidquid
1517 1299 1891 1338 quamquamnec

261 1371 426 1409 semper
468 1363 581 1396 tenet
625 1362 666 1395 et
709 1358 872 1409 saepius
915 1356 1146 1407 corrigendi
1189 1370 1317 1408 opera
1360 1356 1494 1395 forma
1542 1360 1727 1406 quicquid
1765 1356 1892 1395 inlata

261 1429 545 1467 oblitteratum
580 1427 728 1474 habet,
774 1427 891 1466 facile
933 1434 1073 1465 tamen
1114 1427 1308 1465 omnibus
1351 1428 1450 1466 locis
1483 1427 1767 1466 reuocandum
1801 1440 1892 1466 esse

260 1501 449 1551 apparuit
533 1499 618 1537 Iam
661 1497 837 1550 reliquas
879 1497 1035 1536 formas
1077 1511 1179 1550 quas
1233 1504 1276 1537 ut
1319 1498 1511 1537 meliores
1554 1499 1594 1537 in
1636 1499 1890 1537 deteriorum

260 1570 396 1609 locum
431 1571 655 1609 succedere
686 1570 800 1608 iussit
832 1576 948 1608 aetas
981 1574 1144 1615 nostra,
1190 1568 1463 1608 Fleckeiseno
1507 1570 1691 1608 maxime
1723 1573 1892 1607 auctore

261 1647 301 1680 et
343 1641 524 1692 principe
566 1641 652 1691 ipse
694 1653 863 1692 quoque
904 1641 1064 1679 seruaui
1103 1653 1275 1688 omnes,
1322 1639 1543 1692 singularia
1574 1640 1804 1691 quaedam,
1848 1645 1892 1678 ut

260 1715 558 1759 ryzrtqi.ely·(1lrczz‚s·,
592 1718 756 1758 morsus,
796 1718 1053 1760 proplerzm.s¹,
1096 1724 1247 1758 susum,
1287 1712 1476 1751 balineum
1511 1712 1550 1749 in
1589 1710 1891 1749 commentario

261 1788 500 1822 tractantur.
566 1782 773 1821 Nonnulla
808 1789 852 1821 ut
902 1782 965 1821 hic
1007 1783 1185 1830 addam,
1230 1780 1503 1821 memorabile
1535 1787 1617 1827 est,
1661 1781 1776 1832 quod
1815 1793 1892 1818 nec

259 1856 414 1901 suspitio
448 1866 523 1891 nec
555 1856 761 1892 camanum
797 1853 924 1892 habet
957 1867 1156 1905 umquam
1181 1855 1255 1892 nisi
1287 1854 1403 1904 quod
1438 1855 1474 1899 7,
1515 1855 1575 1899 15,
1609 1852 1632 1890 3
1667 1854 1890 1901 wspic‘iosa,

260 1922 328 1961 ubi
361 1926 395 1961 ie.
427 1924 464 1961 in
499 1937 639 1962 rasura
671 1930 756 1971 est,
800 1937 1034 1975 repugnare
1068 1925 1197 1963 uideri
1239 1930 1406 1976 potest3
1444 1936 1528 1975 quo
1562 1924 1697 1961 minus
1721 1922 1892 1979 Hauptii

259 1993 297 2031 in
332 1994 515 2032 Hermae
544 1994 616 2041 IV,
654 2008 691 2045 p.
730 1996 803 2033 147
837 1993 964 2047 (Opp.
992 1995 1057 2041 ΙΙΙ,
1094 1998 1191 2035 15151
1226 1993 1382 2034 formas
1415 1997 1574 2044 suspe‘lio
1608 1999 1650 2033 et
1683 1996 1890 2032 conuz'le'um

259 2064 342 2102 iure
385 2078 459 2101 suo
504 2065 706 2103 reicientis
748 2066 998 2105 sententiam
1042 2066 1156 2117 sequi
1201 2065 1396 2104 dubitaui.
1461 2064 1641 2104 Artioris
1681 2064 1891 2117 praeposi-

258 2135 379 2172 tionis
403 2148 496 2173 cum
520 2135 688 2173 nomine
711 2136 1024 2182 coniunctionis,
1058 2135 1188 2186 qualis
1211 2136 1324 2188 apud
1359 2135 1547 2175 Plautum
1583 2141 1623 2174 et
1648 2135 1890 2173 Terentium

259 2206 368 2255 (uide
400 2205 611 2243 Ritsclielii
637 2206 746 2244 Trin.
772 2207 805 2245 11
839 2207 920 2247 ind.
954 2213 995 2245 et
1028 2206 1353 2259 Umpfenbachii
1385 2205 1510 2258 praef.
1544 2207 1597 2245 ad
1631 2205 1724 2245 Ter.
1757 2219 1784 2258 p
1823 2203 1890 2255 14)

259 2282 442 2327 apparet,
477 2276 673 2328 exempla
707 2276 837 2315 habes
875 2279 938 2325 11,
978 2279 1040 2325 14,
1074 2281 1096 2318 3
1132 2284 1233 2325 alle,
1277 2281 1338 2325 10,
1374 2279 1409 2323 7,
1447 2279 1467 2315 7
1505 2284 1660 2327 (multe,
1699 2279 1734 2324 5,
1770 2276 1835 2323 23,
1868 2278 1890 2313 2

260 2381 480 2426 rtslraelam3
534 2379 574 2424 1,
610 2380 657 2423 23,
692 2380 714 2415 (5
757 2381 928 2426 asl'ncum
964 2353 1139 2431 (adsum—1,
1174 2384 1271 2430 post
1306 2392 1330 2417 α
1364 2382 1478 2425 ras),
1511 2377 1757 2429 quibuscum
1791 2389 1888 2415 con-

258 2470 426 2519 iungere
467 2470 562 2509 licet
597 2457 893 2511 e.1·⁸i7nilitvdi72(‘
934 2474 1003 2520 11,
1049 2474 1084 2519 7,
1124 2477 1147 2510 9
1183 2478 1224 2511 et
1257 2458 1465 2511 ‹1:1⁵‘0ra'ido
1500 2474 1546 2520 6,
1581 2472 1657 2519 23,
1690 2474 1729 2518 4,
1772 2484 1889 2523 quae,

258 2540 288 2578 si
322 2540 634 2579 recordabimur
677 2557 694 2577 s
738 2548 834 2594 post
879 2556 928 2582 ea*
970 2543 1006 2581 in
1047 2543 1184 2582 uerbis
1217 2543 1444 2594 conpositis
1477 2542 1664 2581 abiectae
1697 2547 1888 2581 constan-

257 2611 377 2657 tiam,
421 2612 517 2662 quin
550 2611 647 2650 olim
691 2613 843 2665 scripta
876 2614 955 2652 sint
989 2617 1180 2653 exorrlido
1213 2622 1254 2653 et
1287 2617 1565 2653 exime‘liludine
1597 2613 1787 2652 dubitare
1819 2612 1890 2650 uix

259 2680 362 2718 licet,
429 2680 585 2720 Contra
618 2682 713 2721 nihil
747 2684 919 2723 subesse
951 2685 1189 2736 scripturae,
1232 2684 1396 2736 qualem
1432 2684 1636 2723 habemus
1683 2686 1721 2731 l,
1755 2686 1801 2731 3,
1840 2685 1889 2722 10

259 2755 401 2790 anca-io
446 2759 486 2790 et
530 2756 576 2799 11,
630 2755 694 2800 11,
744 2756 766 2793 3
813 2758 984 2793 tinentiae
1031 2756 1117 2794 iure
1159 2756 1415 2795 contendere
1471 2755 1633 2794 uidetur
1682 2754 1890 2807 Hauptius

258 2827 433 2872 quac-stt.
469 2823 603 2861 Catull
657 2826 773 2871 18:37,
808 2838 845 2875 p.
880 2826 932 2862 24
971 2823 1097 2875 ‹Opp.
1132 2825 1160 2872 Ι,
1202 2828 1276 2872 18).
