2008 3221
262 126 342 166 180
557 122 740 150 DIAL.V11.
780 122 834 147 AD
858 122 1092 148 GALLIONEM
1114 122 1166 148 DE
1186 122 1280 149 VITA
1302 123 1441 150 BEATA.
1480 123 1524 150 25.
1545 124 1588 150 26.

256 226 523 261 tractantem.
586 232 669 258 non
702 225 765 258 est
798 220 919 268 enim,
953 220 1067 270 quod
1101 219 1314 260 existimes
1347 220 1472 261 ullam
1506 234 1597 260 esse
1628 223 1715 261 sine
1745 220 1891 262 labore

255 293 471 339 uirtutem,
515 291 591 330 sed
635 291 844 342 quaedam
887 290 1059 330 uirtutes
1101 291 1298 341 stimulis,
1339 293 1548 344 quaedam
1591 293 1714 332 frenis
1752 298 1889 345 egent.

255 362 616 415 quemadmodum
660 374 811 413 corpus
849 361 889 400 in
931 360 1101 413 procliui
1144 362 1307 402 retineri
1340 363 1489 412 debet,
1532 363 1728 403 aduersus
1760 363 1890 402 ardua

256 432 415 487 inpelli,
458 432 514 472 ita
557 431 764 484 quaedam
810 432 982 471 uirtutes
1024 433 1063 471 in
1105 426 1275 484 procliui
1317 440 1432 482 sunt,
1487 435 1696 486 quaedam
1738 433 1889 474 cliuum

219 515 233 537 5
254 505 444 544 subeunt.
487 518 540 543 an
569 504 741 543 dubium
764 505 827 553 sit,
862 506 959 556 quin
982 505 1192 561 escendat,
1225 504 1389 553 nitatur,
1422 504 1660 545 obluctetur
1681 506 1890 558 patientia,

202 868 232 893 10

203 1226 231 1251 15

197 1581 230 1606 ‘20

197 1937 229 1962 25

198 2293 230 2317 30

254 575 474 623 fortitudo,
518 575 827 627 perseuerantia
869 581 910 615 et
942 589 1232 628 quaecumque
1273 574 1351 615 alia
1391 574 1503 616 duris
1536 577 1731 629 opposita
1763 578 1890 616 uirtus

253 653 316 686 est
361 652 402 686 et
444 645 655 685 fortunam
698 645 877 697 subigit?
932 647 1032 698 quid
1074 649 1204 698 ergo?
1248 659 1333 685 non
1365 659 1497 698 aeque
1530 646 1794 686 manifestum
1826 653 1890 687 est

253 731 328 769 per
360 718 573 756 deuexum
606 717 664 756 ire
696 715 999 765 liberalitatem,
1031 718 1376 769 temperantiam,
1409 718 1798 757 mansuetudinem?
1850 718 1889 756 in

252 788 314 828 his
348 789 609 827 continemus
642 788 836 837 animum,
870 803 922 828 ne
954 788 1219 840 prolabatur,
1263 788 1303 827 in
1335 787 1408 828 illis
1442 788 1716 828 exhortamur
1748 789 1887 828 incita-

253 873 454 911 musque:
490 859 698 898 acerrime.
744 873 846 911 ergo
879 860 1113 911 paupertati
1143 858 1435 899 adhibebimus
1464 858 1550 899 illas
1573 873 1679 911 quae
1701 873 1889 912 pugnare

252 930 396 977 sciunt,
429 929 631 978 fortiores,
665 930 813 970 diuitiis
846 930 933 970 illas
967 930 1260 983 diligentiores,
1293 943 1399 982 quae
1431 944 1678 982 suspensum
1711 931 1888 983 gradum

251 1007 413 1053 ponunt
446 1007 487 1040 et
519 1002 684 1052 pondus
716 1015 837 1040 suum
870 1002 1084 1044 sustinent.
1142 1015 1235 1040 cum
1269 1000 1351 1040 hoc
1383 1002 1439 1041 ita
1470 1002 1647 1041 diuisum
1680 1002 1742 1050 sit,
1776 1001 1887 1041 malo

252 1071 326 1111 has
358 1072 398 1111 in
430 1086 504 1111 usu
538 1071 636 1111 mihi
668 1086 771 1120 esse,
804 1086 911 1125 quae
944 1073 1208 1112 exercendae
1237 1071 1489 1124 tranquillius
1517 1079 1624 1121 sunt,
1657 1087 1783 1125 quam
1807 1086 1888 1121 eas,

253 1156 427 1194 quarum
461 1144 799 1195 experimentum
832 1145 1000 1196 sanguis
1034 1150 1074 1183 et
1105 1145 1236 1183 sudor
1267 1149 1342 1184 est.
1396 1157 1498 1196 ergo
1530 1157 1614 1183 non
1647 1157 1728 1196 ego
1761 1143 1888 1191 aliter,

253 1214 382 1265 inquit
423 1215 609 1267 sapiens,
651 1214 746 1253 uiuo
790 1228 916 1266 quam
959 1214 1129 1266 loquor,
1174 1216 1250 1254 sed
1283 1228 1359 1254 uos
1391 1215 1508 1254 aliter
1541 1215 1700 1256 auditis.
1762 1228 1888 1255 sonus

251 1286 550 1325 tantummodo
586 1285 810 1325 uerborum
844 1286 898 1325 ad
931 1299 1050 1325 aures
1082 1292 1243 1326 uestras
1276 1287 1488 1339 peruenit:
1527 1286 1624 1338 quid
1656 1286 1887 1338 significent

251 1370 335 1395 non
368 1356 572 1408 quaeritis.

369 1428 527 1468 XXVI.
572 1427 685 1480 Quid
719 1441 820 1479 ergo
853 1428 958 1467 inter
991 1441 1058 1467 me
1092 1427 1265 1468 stultum
1299 1434 1340 1468 et
1372 1435 1414 1468 te
1443 1428 1674 1481 sapientem
1704 1428 1885 1477 interest,

250 1501 282 1539 si
325 1505 499 1550 uterque
542 1498 698 1538 habere
746 1498 965 1538 uolumus?
1030 1499 1263 1551 plurimum.
1326 1499 1493 1539 diuitiae
1535 1500 1645 1539 enim
1678 1500 1790 1552 apud
1822 1513 1883 1538 sa-

250 1572 435 1623 pientem
468 1570 599 1609 uirum
633 1571 672 1609 in
707 1572 906 1610 seruitute
938 1577 1045 1619 sunt,
1078 1571 1189 1623 apud
1222 1570 1395 1611 stultum
1428 1571 1467 1609 in
1496 1571 1680 1623 imperio.
1723 1570 1886 1623 sapiens

250 1642 399 1681 diuitiis
431 1641 528 1680 nihil
560 1641 774 1694 permittit,
808 1641 928 1681 uobis
961 1642 1128 1681 diuitiae
1160 1642 1312 1681 omnia.
1375 1655 1462 1690 uos,
1493 1648 1710 1694 tamquam
1743 1641 1886 1693 aliquis

251 1713 371 1752 uobis
403 1720 617 1753 aeternam
650 1714 962 1764 possessionem
996 1727 1138 1753 earum
1172 1714 1428 1765 promiserit,
1462 1709 1705 1753 adsuescitis
1738 1711 1812 1751 illis
1845 1718 1887 1751 et

250 1784 505 1832 cohaeretis,
547 1784 712 1837 sapiens
755 1791 853 1824 tunc
886 1785 1072 1824 maxime
1104 1791 1397 1837 paupertatem
1431 1785 1677 1831 meditatur,
1719 1797 1814 1823 cum
1847 1784 1887 1822 in

251 1857 399 1895 mediis
442 1856 591 1894 diuitiis
635 1856 829 1894 constitit.
893 1869 1121 1907 numquam
1163 1857 1390 1908 imperator
1428 1856 1484 1895 ita
1525 1856 1617 1908 paci
1649 1854 1800 1901 credit,
1843 1860 1887 1893 ut

252 1940 335 1966 non
379 1940 423 1965 se
456 1933 677 1978 praeparet
709 1925 843 1974 bello,
885 1926 998 1978 quod
1032 1927 1194 1966 etiamsi
1225 1941 1309 1966 non
1342 1927 1519 1979 geritur,
1561 1927 1761 1966 indictum
1795 1931 1882 1964 est:

251 2012 327 2037 uos
359 1997 510 2036 domus
543 1997 751 2046 formosa,
784 2003 1001 2049 tamquam
1035 2012 1111 2037 nec
1144 1999 1291 2037 ardere
1323 2012 1400 2037 nec
1432 2012 1549 2037 ruere
1582 1997 1733 2050 possit,
1777 1997 1884 2036 inso-

251 2069 394 2116 lentes,
428 2082 504 2107 uos
537 2082 651 2120 opes,
685 2075 901 2120 tamquam
934 2069 1164 2121 periculum
1189 2083 1314 2109 omne
1337 2069 1666 2112 transcenderint
1689 2068 1884 2107 maiores-

250 2153 331 2192 que
379 2141 458 2178 sint
503 2140 650 2191 {uobis}
695 2153 820 2192 quam
870 2140 1019 2192 quibus
1068 2141 1362 2180 consumendis
1403 2141 1501 2180 satis
1545 2141 1690 2179 uirium
1733 2138 1886 2178 habeat

251 2211 426 2259 fortuna,
460 2211 639 2263 obstupe
672 2210 836 2251 faciunt.
880 2212 1003 2251 otiosi
1037 2212 1184 2252 diuitiis
1217 2211 1355 2251 luditis
1378 2226 1453 2251 nec
1477 2212 1703 2265 prouidetis
1725 2209 1883 2249 illarum
1912 2235 1917 2242 ·

250 2281 501 2334 periculum,
534 2282 638 2322 sicut
670 2282 835 2322 barbari
868 2282 1114 2335 plerumque
1146 2283 1307 2329 inclusi,
1351 2290 1395 2322 ut
1428 2282 1556 2335 ignari
1590 2280 1886 2329 machinarum,

250 2365 399 2403 segnes
433 2352 623 2392 laborem
657 2353 941 2393 obsidentium
975 2360 1168 2407 spectant
1199 2368 1276 2394 nec
1308 2368 1392 2406 quo
1415 2353 1481 2393 illa
1501 2353 1747 2407 pertineant,
1779 2365 1887 2404 quae

251 2505 268 2538 >i
300 2506 423 2548 impelli
562 2507 720 2547 itaquedst
747 2506 783 2548 (it
811 2506 846 2539 in
873 2506 961 2548 ras.)
1085 2507 1104 2539 ἴ)
1156 2508 1232 2548 quin
1260 2507 1413 2538 escendat
1440 2504 1623 2540 Murems:
1653 2504 1706 2546 qni
1733 2504 1886 2535 ascendat

250 2566 283 2607 (a
310 2564 418 2608 corr.)
549 2566 584 2597 li)
620 2567 777 2597 acerrime
806 2564 948 2599 Haase:
979 2567 1145 2597 acerrimis
1173 2567 1214 2608 (is
1241 2566 1275 2599 in
1302 2576 1388 2606 ras„
1420 2563 1509 2608 fort.
1537 2566 1584 2606 us)
1737 2563 1772 2595 13
1806 2568 1887 2594 esset

251 2626 273 2665 <t
303 2623 433 2664 (lelela)
462 2626 481 2666 Γι
511 2631 567 2664 tm.
596 2635 681 2663 rec.)
807 2625 1006 2656 exercendae
1033 2623 1248 2658 deteriores:
1280 2625 1448 2656 exercendi
1581 2624 1616 2657 lli
1650 2622 1726 2663 (aluid
1754 2620 1882 2666 ‘md-qo:

253 2684 339 2724 quod
485 2684 670 2723 significent
701 2682 828 2717 Gertz:
859 2684 1021 2725 significet
1170 2683 1211 2717 sl?
1240 2684 1369 2725 queritis
1500 2683 1534 2714 lt)
1563 2685 1595 2716 el
1621 2682 1665 2715 Pl)
1692 2686 1767 2723 aput

251 2745 294 2775 ⁴272
323 2743 503 2774 assuescitis
530 2742 666 2786 (prima
692 2755 705 2772 s
732 2754 827 2776 corr.
855 2753 904 2776 ex
931 2741 966 2783 d)
1087 2744 1130 2776 520
1168 2744 1313 2774 formosa
1342 2744 1393 2784 (sa
1420 2742 1529 2783 corr.)
1659 2740 1703 2774 27
1738 2741 1813 2771 osne
1840 2745 1884 2781 (m

251 2800 380 2843 (lelela)
514 2804 556 2834 ‘28
590 2803 684 2832 uobis
712 2811 778 2836 om.
810 2800 860 2835 Ε1
984 2804 1027 2835 ¹22*
1055 2803 1193 2844 obstupe
1221 2803 1340 2834 faciunt
1371 2800 1490 2845 Haupt
1519 2810 1596 2833 cum
1623 2798 1745 2833 codice

251 2861 295 2891 330
323 2865 352 2891 ut
383 2859 508 2894 Gerlz:
538 2865 566 2891 ct
690 2861 726 2892 :11
763 2861 815 2891 illa
843 2862 1021 2902 pei-[incant
1044 2859 1257 2895 Pincianus:
1288 2862 1345 2893 illa
1376 2861 1532 2902 ptinemla
1550 2857 1715 2901 (ίίηιόἰασ
1733 2856 1884 2900 deletae)

1917 371 1936 401 (i

1913 1858 1932 1890 10
