<?xml version="1.0" encoding="UTF-8"?>
<!DOCTYPE html PUBLIC "-//W3C//DTD XHTML 1.0 Transitional//EN"
    "http://www.w3.org/TR/xhtml1/DTD/xhtml1-transitional.dtd">
<html xmlns="http://www.w3.org/1999/xhtml" xml:lang="en" lang="en">
 <head>
  <title>
</title>
<meta http-equiv="Content-Type" content="text/html;charset=utf-8" />
  <meta name='ocr-system' content='tesseract 3.04.00' />
  <meta name='ocr-capabilities' content='ocr_page ocr_carea ocr_par ocr_line ocrx_word'/>
</head>
<body>
  <div class='ocr_page' id='page_1' title='image "./dialogorumlibrid00seneuoft_0286.png"; bbox 0 0 2008 3221; ppageno 0'>
   <div class='ocr_carea' id='block_1_1' title="bbox 161 846 189 869">
    <p class='ocr_par' dir='ltr' id='par_1_1' title="bbox 161 846 189 869">
     <span class='ocr_line' id='line_1_1' title="bbox 161 846 189 869; baseline 0 0"><span class='ocrx_word' id='word_1_1' title='bbox 161 846 189 869; x_wconf 74' lang='lat'>10</span> 
     </span>
    </p>
   </div>
   <div class='ocr_carea' id='block_1_2' title="bbox 161 1200 188 1223">
    <p class='ocr_par' dir='ltr' id='par_1_2' title="bbox 161 1200 188 1223">
     <span class='ocr_line' id='line_1_2' title="bbox 161 1200 188 1223; baseline 0 0"><span class='ocrx_word' id='word_1_2' title='bbox 161 1200 188 1223; x_wconf 80' lang='lat'>15</span> 
     </span>
    </p>
   </div>
   <div class='ocr_carea' id='block_1_3' title="bbox 157 1554 189 1577">
    <p class='ocr_par' dir='ltr' id='par_1_3' title="bbox 157 1554 189 1577">
     <span class='ocr_line' id='line_1_3' title="bbox 157 1554 189 1577; baseline -0.063 0"><span class='ocrx_word' id='word_1_3' title='bbox 157 1554 189 1577; x_wconf 75' lang='lat'>20</span> 
     </span>
    </p>
   </div>
   <div class='ocr_carea' id='block_1_4' title="bbox 157 2263 189 2285">
    <p class='ocr_par' dir='ltr' id='par_1_4' title="bbox 157 2263 189 2285">
     <span class='ocr_line' id='line_1_4' title="bbox 157 2263 189 2285; baseline -0.031 -1"><span class='ocrx_word' id='word_1_4' title='bbox 157 2263 189 2285; x_wconf 66' lang='lat'>:31¹</span> 
     </span>
    </p>
   </div>
   <div class='ocr_carea' id='block_1_5' title="bbox 210 98 1642 143">
    <p class='ocr_par' dir='ltr' id='par_1_5' title="bbox 210 98 1642 143">
     <span class='ocr_line' id='line_1_5' title="bbox 210 98 1642 143; baseline 0 -18"><span class='ocrx_word' id='word_1_5' title='bbox 210 104 294 143; x_wconf 59' lang='lat'>248</span> <span class='ocrx_word' id='word_1_6' title='bbox 406 100 509 126; x_wconf 79' lang='lat' dir='ltr'>DIAL.</span> <span class='ocrx_word' id='word_1_7' title='bbox 530 99 582 127; x_wconf 78' lang='lat' dir='ltr'>xl.</span> <span class='ocrx_word' id='word_1_8' title='bbox 621 99 676 124; x_wconf 76' lang='lat' dir='ltr'>AD</span> <span class='ocrx_word' id='word_1_9' title='bbox 696 98 876 124; x_wconf 77' lang='lat' dir='ltr'>HELVIAM</span> <span class='ocrx_word' id='word_1_10' title='bbox 898 98 1070 123; x_wconf 73' lang='lat' dir='ltr'>MATREM</span> <span class='ocrx_word' id='word_1_11' title='bbox 1091 98 1144 124; x_wconf 89' lang='lat' dir='ltr'>DE</span> <span class='ocrx_word' id='word_1_12' title='bbox 1165 98 1485 124; x_wconf 77' lang='lat' dir='ltr'>CONSOLATIONE.</span> <span class='ocrx_word' id='word_1_13' title='bbox 1523 102 1549 126; x_wconf 75' lang='lat'>2.</span> <span class='ocrx_word' id='word_1_14' title='bbox 1569 102 1596 126; x_wconf 73' lang='lat'>3.</span> <span class='ocrx_word' id='word_1_15' title='bbox 1617 101 1642 126; x_wconf 70' lang='lat'>4.</span> 
     </span>
    </p>
   </div>
   <div class='ocr_carea' id='block_1_6' title="bbox 210 194 1837 385">
    <p class='ocr_par' dir='ltr' id='par_1_6' title="bbox 210 194 1837 385">
     <span class='ocr_line' id='line_1_6' title="bbox 210 194 1834 248; baseline 0 -14"><span class='ocrx_word' id='word_1_16' title='bbox 210 197 629 248; x_wconf 76' lang='lat' dir='ltr'>indulgentissimum,</span> <span class='ocrx_word' id='word_1_17' title='bbox 663 196 868 247; x_wconf 87' lang='lat' dir='ltr'>optimum</span> <span class='ocrx_word' id='word_1_18' title='bbox 902 208 951 234; x_wconf 91' lang='lat' dir='ltr'>ac</span> <span class='ocrx_word' id='word_1_19' title='bbox 983 194 1251 234; x_wconf 80' lang='lat' dir='ltr'>fortissimum</span> <span class='ocrx_word' id='word_1_20' title='bbox 1286 195 1458 242; x_wconf 78' lang='lat' dir='ltr'>uirum„</span> <span class='ocrx_word' id='word_1_21' title='bbox 1478 209 1572 235; x_wconf 90' lang='lat' dir='ltr'>cum</span> <span class='ocrx_word' id='word_1_22' title='bbox 1606 197 1834 235; x_wconf 88' lang='lat' dir='ltr'>aduentum</span> 
     </span>
     <span class='ocr_line' id='line_1_7' title="bbox 211 265 1834 318; baseline -0.001 -12"><span class='ocrx_word' id='word_1_23' title='bbox 211 269 294 306; x_wconf 88' lang='lat' dir='ltr'>eius</span> <span class='ocrx_word' id='word_1_24' title='bbox 327 271 596 318; x_wconf 78' lang='lat' dir='ltr'>expectares,</span> <span class='ocrx_word' id='word_1_25' title='bbox 639 266 820 305; x_wconf 89' lang='lat' dir='ltr'>amisisti.</span> <span class='ocrx_word' id='word_1_26' title='bbox 883 271 924 304; x_wconf 91' lang='lat' dir='ltr'>et</span> <span class='ocrx_word' id='word_1_27' title='bbox 956 279 1008 304; x_wconf 88' lang='lat' dir='ltr'>ne</span> <span class='ocrx_word' id='word_1_28' title='bbox 1039 266 1254 305; x_wconf 81' lang='lat' dir='ltr'>saeuitiam</span> <span class='ocrx_word' id='word_1_29' title='bbox 1288 280 1406 305; x_wconf 90' lang='lat' dir='ltr'>suam</span> <span class='ocrx_word' id='word_1_30' title='bbox 1439 265 1603 305; x_wconf 85' lang='lat' dir='ltr'>fortuna</span> <span class='ocrx_word' id='word_1_31' title='bbox 1636 266 1834 306; x_wconf 87' lang='lat' dir='ltr'>leuiorem</span> 
     </span>
     <span class='ocr_line' id='line_1_8' title="bbox 211 336 1837 385; baseline -0.001 -9"><span class='ocrx_word' id='word_1_32' title='bbox 211 338 449 376; x_wconf 83' lang='lat' dir='ltr'>diducendo</span> <span class='ocrx_word' id='word_1_33' title='bbox 483 336 656 385; x_wconf 88' lang='lat' dir='ltr'>faceret,</span> <span class='ocrx_word' id='word_1_34' title='bbox 698 337 803 375; x_wconf 89' lang='lat' dir='ltr'>intra</span> <span class='ocrx_word' id='word_1_35' title='bbox 835 336 1115 375; x_wconf 85' lang='lat' dir='ltr'>tricensimum</span> <span class='ocrx_word' id='word_1_36' title='bbox 1150 337 1261 375; x_wconf 91' lang='lat' dir='ltr'>diem</span> <span class='ocrx_word' id='word_1_37' title='bbox 1296 337 1550 377; x_wconf 89' lang='lat' dir='ltr'>carissimum</span> <span class='ocrx_word' id='word_1_38' title='bbox 1583 337 1736 385; x_wconf 90' lang='lat' dir='ltr'>uirum,</span> <span class='ocrx_word' id='word_1_39' title='bbox 1766 341 1837 375; x_wconf 85' lang='lat' dir='ltr'>&#39;ex</span> 
     </span>
    </p>
   </div>
   <div class='ocr_carea' id='block_1_7' title="bbox 210 406 1884 459">
    <p class='ocr_par' dir='ltr' id='par_1_7' title="bbox 210 406 1884 459">
     <span class='ocr_line' id='line_1_9' title="bbox 210 406 1884 459; baseline 0 -13"><span class='ocrx_word' id='word_1_40' title='bbox 210 422 294 459; x_wconf 89' lang='lat' dir='ltr'>quo</span> <span class='ocrx_word' id='word_1_41' title='bbox 348 413 480 446; x_wconf 86' lang='lat' dir='ltr'>mater</span> <span class='ocrx_word' id='word_1_42' title='bbox 533 407 655 446; x_wconf 87' lang='lat' dir='ltr'>trium</span> <span class='ocrx_word' id='word_1_43' title='bbox 698 407 923 446; x_wconf 86' lang='lat' dir='ltr'>liberorum</span> <span class='ocrx_word' id='word_1_44' title='bbox 967 420 1080 454; x_wconf 82' lang='lat' dir='ltr'>eras,</span> <span class='ocrx_word' id='word_1_45' title='bbox 1123 407 1317 447; x_wconf 81' lang='lat' dir='ltr'>extulisti.</span> <span class='ocrx_word' id='word_1_46' title='bbox 1390 407 1548 459; x_wconf 82' lang='lat' dir='ltr'>lugenti</span> <span class='ocrx_word' id='word_1_47' title='bbox 1590 407 1663 446; x_wconf 90' lang='lat' dir='ltr'>tibi</span> <span class='ocrx_word' id='word_1_48' title='bbox 1706 406 1838 446; x_wconf 87' lang='lat' dir='ltr'>luctus</span> <span class='ocrx_word' id='word_1_49' title='bbox 1865 418 1884 451; x_wconf 80' lang='lat'>5</span> 
     </span>
    </p>
   </div>
   <div class='ocr_carea' id='block_1_8' title="bbox 209 477 1844 1453">
    <p class='ocr_par' dir='ltr' id='par_1_8' title="bbox 209 477 1842 1025">
     <span class='ocr_line' id='line_1_10' title="bbox 212 477 1840 530; baseline -0.001 -13"><span class='ocrx_word' id='word_1_50' title='bbox 212 478 420 517; x_wconf 86' lang='lat' dir='ltr'>nuntiatus</span> <span class='ocrx_word' id='word_1_51' title='bbox 453 484 515 516; x_wconf 83' lang='lat' dir='ltr'>cst</span> <span class='ocrx_word' id='word_1_52' title='bbox 548 478 742 517; x_wconf 86' lang='lat' dir='ltr'>omnibus</span> <span class='ocrx_word' id='word_1_53' title='bbox 773 478 938 529; x_wconf 86' lang='lat' dir='ltr'>quidem</span> <span class='ocrx_word' id='word_1_54' title='bbox 973 477 1215 517; x_wconf 78' lang='lat' dir='ltr'>absentibus</span> <span class='ocrx_word' id='word_1_55' title='bbox 1247 477 1395 526; x_wconf 89' lang='lat' dir='ltr'>liberis,</span> <span class='ocrx_word' id='word_1_56' title='bbox 1428 478 1544 530; x_wconf 81' lang='lat' dir='ltr'>quasi</span> <span class='ocrx_word' id='word_1_57' title='bbox 1566 478 1619 516; x_wconf 93' lang='lat' dir='ltr'>de</span> <span class='ocrx_word' id='word_1_58' title='bbox 1642 477 1840 516; x_wconf 89' lang='lat' dir='ltr'>industria</span> 
     </span>
     <span class='ocr_line' id='line_1_11' title="bbox 211 547 1840 600; baseline 0 -13"><span class='ocrx_word' id='word_1_59' title='bbox 211 549 250 587; x_wconf 94' lang='lat' dir='ltr'>in</span> <span class='ocrx_word' id='word_1_60' title='bbox 283 549 323 587; x_wconf 89' lang='lat' dir='ltr'>id</span> <span class='ocrx_word' id='word_1_61' title='bbox 356 554 523 600; x_wconf 89' lang='lat' dir='ltr'>tempus</span> <span class='ocrx_word' id='word_1_62' title='bbox 556 549 750 587; x_wconf 87' lang='lat' dir='ltr'>coniectis</span> <span class='ocrx_word' id='word_1_63' title='bbox 784 548 903 588; x_wconf 89' lang='lat' dir='ltr'>malis</span> <span class='ocrx_word' id='word_1_64' title='bbox 933 550 1022 596; x_wconf 89' lang='lat' dir='ltr'>tuis,</span> <span class='ocrx_word' id='word_1_65' title='bbox 1057 554 1100 587; x_wconf 91' lang='lat' dir='ltr'>ut</span> <span class='ocrx_word' id='word_1_66' title='bbox 1131 547 1230 587; x_wconf 91' lang='lat' dir='ltr'>nihil</span> <span class='ocrx_word' id='word_1_67' title='bbox 1262 555 1382 596; x_wconf 91' lang='lat' dir='ltr'>esset,</span> <span class='ocrx_word' id='word_1_68' title='bbox 1416 548 1484 587; x_wconf 88' lang='lat' dir='ltr'>ubi</span> <span class='ocrx_word' id='word_1_69' title='bbox 1517 562 1561 588; x_wconf 94' lang='lat' dir='ltr'>se</span> <span class='ocrx_word' id='word_1_70' title='bbox 1593 547 1715 587; x_wconf 80' lang='lat' dir='ltr'>dolor</span> <span class='ocrx_word' id='word_1_71' title='bbox 1746 553 1840 587; x_wconf 91' lang='lat' dir='ltr'>tuus</span> 
     </span>
     <span class='ocr_line' id='line_1_12' title="bbox 210 617 1840 671; baseline -0.001 -13"><span class='ocrx_word' id='word_1_72' title='bbox 210 619 437 659; x_wconf 89' lang='lat' dir='ltr'>reclinaret.</span> <span class='ocrx_word' id='word_1_73' title='bbox 499 625 667 658; x_wconf 83' lang='lat' dir='ltr'>transeo</span> <span class='ocrx_word' id='word_1_74' title='bbox 713 626 774 658; x_wconf 87' lang='lat' dir='ltr'>tot</span> <span class='ocrx_word' id='word_1_75' title='bbox 821 619 1022 671; x_wconf 88' lang='lat' dir='ltr'>pericula,</span> <span class='ocrx_word' id='word_1_76' title='bbox 1065 625 1130 659; x_wconf 95' lang='lat' dir='ltr'>tot</span> <span class='ocrx_word' id='word_1_77' title='bbox 1163 624 1319 666; x_wconf 91' lang='lat' dir='ltr'>metus,</span> <span class='ocrx_word' id='word_1_78' title='bbox 1361 632 1467 671; x_wconf 88' lang='lat' dir='ltr'>quos</span> <span class='ocrx_word' id='word_1_79' title='bbox 1499 620 1586 658; x_wconf 88' lang='lat' dir='ltr'>sine</span> <span class='ocrx_word' id='word_1_80' title='bbox 1624 617 1840 657; x_wconf 86' lang='lat' dir='ltr'>interuallo</span> 
     </span>
     <span class='ocr_line' id='line_1_13' title="bbox 211 689 1840 741; baseline 0 -13"><span class='ocrx_word' id='word_1_81' title='bbox 211 690 248 728; x_wconf 87' lang='lat' dir='ltr'>in</span> <span class='ocrx_word' id='word_1_82' title='bbox 283 696 323 728; x_wconf 83' lang='lat' dir='ltr'>te</span> <span class='ocrx_word' id='word_1_83' title='bbox 356 690 597 728; x_wconf 83' lang='lat' dir='ltr'>incursantis</span> <span class='ocrx_word' id='word_1_84' title='bbox 630 689 857 741; x_wconf 83' lang='lat' dir='ltr'>pertulisti:</span> <span class='ocrx_word' id='word_1_85' title='bbox 906 689 1036 729; x_wconf 88' lang='lat' dir='ltr'>modo</span> <span class='ocrx_word' id='word_1_86' title='bbox 1069 690 1200 729; x_wconf 92' lang='lat' dir='ltr'>modo</span> <span class='ocrx_word' id='word_1_87' title='bbox 1234 690 1272 728; x_wconf 92' lang='lat' dir='ltr'>in</span> <span class='ocrx_word' id='word_1_88' title='bbox 1296 691 1476 729; x_wconf 91' lang='lat' dir='ltr'>eundem</span> <span class='ocrx_word' id='word_1_89' title='bbox 1500 690 1646 738; x_wconf 85' lang='lat' dir='ltr'>sinum,</span> <span class='ocrx_word' id='word_1_90' title='bbox 1679 703 1733 728; x_wconf 81' lang='lat' dir='ltr'>ex</span> <span class='ocrx_word' id='word_1_91' title='bbox 1756 703 1840 741; x_wconf 92' lang='lat' dir='ltr'>quo</span> 
     </span>
     <span class='ocr_line' id='line_1_14' title="bbox 210 760 1838 813; baseline 0.001 -15"><span class='ocrx_word' id='word_1_92' title='bbox 210 766 294 799; x_wconf 88' lang='lat' dir='ltr'>tres</span> <span class='ocrx_word' id='word_1_93' title='bbox 326 766 503 812; x_wconf 89' lang='lat' dir='ltr'>nepotes</span> <span class='ocrx_word' id='word_1_94' title='bbox 536 761 745 808; x_wconf 83' lang='lat' dir='ltr'>emiseras,</span> <span class='ocrx_word' id='word_1_95' title='bbox 778 774 873 800; x_wconf 89' lang='lat' dir='ltr'>ossa</span> <span class='ocrx_word' id='word_1_96' title='bbox 904 761 1028 800; x_wconf 84' lang='lat' dir='ltr'>trium</span> <span class='ocrx_word' id='word_1_97' title='bbox 1062 767 1264 812; x_wconf 88' lang='lat' dir='ltr'>nepotum</span> <span class='ocrx_word' id='word_1_98' title='bbox 1297 761 1498 813; x_wconf 88' lang='lat' dir='ltr'>recepisti.</span> <span class='ocrx_word' id='word_1_99' title='bbox 1561 760 1666 799; x_wconf 84' lang='lat' dir='ltr'>intra</span> <span class='ocrx_word' id='word_1_100' title='bbox 1698 760 1838 799; x_wconf 85' lang='lat' dir='ltr'>uicesi-</span> 
     </span>
     <span class='ocr_line' id='line_1_15' title="bbox 211 830 1839 883; baseline 0 -14"><span class='ocrx_word' id='word_1_101' title='bbox 211 844 324 869; x_wconf 89' lang='lat' dir='ltr'>mum</span> <span class='ocrx_word' id='word_1_102' title='bbox 360 831 482 879; x_wconf 87' lang='lat' dir='ltr'>diem,</span> <span class='ocrx_word' id='word_1_103' title='bbox 516 845 641 883; x_wconf 86' lang='lat' dir='ltr'>quam</span> <span class='ocrx_word' id='word_1_104' title='bbox 675 830 803 870; x_wconf 84' lang='lat' dir='ltr'>filium</span> <span class='ocrx_word' id='word_1_105' title='bbox 838 845 979 871; x_wconf 90' lang='lat' dir='ltr'>meum</span> <span class='ocrx_word' id='word_1_106' title='bbox 1013 832 1051 870; x_wconf 89' lang='lat' dir='ltr'>in</span> <span class='ocrx_word' id='word_1_107' title='bbox 1086 831 1276 871; x_wconf 88' lang='lat' dir='ltr'>manibus</span> <span class='ocrx_word' id='word_1_108' title='bbox 1309 836 1350 870; x_wconf 90' lang='lat' dir='ltr'>et</span> <span class='ocrx_word' id='word_1_109' title='bbox 1382 832 1421 870; x_wconf 92' lang='lat' dir='ltr'>in</span> <span class='ocrx_word' id='word_1_110' title='bbox 1455 830 1604 870; x_wconf 87' lang='lat' dir='ltr'>osculis</span> <span class='ocrx_word' id='word_1_111' title='bbox 1626 831 1706 869; x_wconf 91' lang='lat' dir='ltr'>tuis</span> <span class='ocrx_word' id='word_1_112' title='bbox 1729 844 1839 870; x_wconf 90' lang='lat' dir='ltr'>mor-</span> 
     </span>
     <span class='ocr_line' id='line_1_16' title="bbox 210 900 1842 954; baseline 0 -14"><span class='ocrx_word' id='word_1_113' title='bbox 210 908 326 941; x_wconf 89' lang='lat' dir='ltr'>tuum</span> <span class='ocrx_word' id='word_1_114' title='bbox 370 902 655 950; x_wconf 88' lang='lat' dir='ltr'>funeraueras,</span> <span class='ocrx_word' id='word_1_115' title='bbox 698 908 861 954; x_wconf 89' lang='lat' dir='ltr'>raptum</span> <span class='ocrx_word' id='word_1_116' title='bbox 906 916 974 941; x_wconf 88' lang='lat' dir='ltr'>me</span> <span class='ocrx_word' id='word_1_117' title='bbox 1016 902 1189 942; x_wconf 89' lang='lat' dir='ltr'>audisti:</span> <span class='ocrx_word' id='word_1_118' title='bbox 1237 901 1319 941; x_wconf 88' lang='lat' dir='ltr'>hoc</span> <span class='ocrx_word' id='word_1_119' title='bbox 1361 901 1499 941; x_wconf 89' lang='lat' dir='ltr'>adhuc</span> <span class='ocrx_word' id='word_1_120' title='bbox 1541 900 1729 941; x_wconf 80' lang='lat' dir='ltr'>defuerat</span> <span class='ocrx_word' id='word_1_121' title='bbox 1768 901 1842 941; x_wconf 92' lang='lat' dir='ltr'>tibi</span> 
     </span>
     <span class='ocr_line' id='line_1_17' title="bbox 209 972 510 1025; baseline 0.003 -14"><span class='ocrx_word' id='word_1_122' title='bbox 209 972 350 1025; x_wconf 82' lang='lat' dir='ltr'>lugere</span> <span class='ocrx_word' id='word_1_123' title='bbox 383 973 510 1012; x_wconf 91' lang='lat' dir='ltr'>uiuos.</span> 
     </span>
    </p>

    <p class='ocr_par' dir='ltr' id='par_1_9' title="bbox 209 1043 1844 1453">
     <span class='ocr_line' id='line_1_18' title="bbox 328 1043 1839 1098; baseline 0 -15"><span class='ocrx_word' id='word_1_124' title='bbox 328 1044 394 1083; x_wconf 89' lang='grc' dir='ltr'>ΙΙΙ.</span> <span class='ocrx_word' id='word_1_125' title='bbox 439 1043 739 1084; x_wconf 88' lang='lat' dir='ltr'>Grauissimum</span> <span class='ocrx_word' id='word_1_126' title='bbox 786 1051 848 1084; x_wconf 91' lang='lat' dir='ltr'>est</span> <span class='ocrx_word' id='word_1_127' title='bbox 891 1058 945 1084; x_wconf 82' lang='lat' dir='ltr'>ex</span> <span class='ocrx_word' id='word_1_128' title='bbox 988 1044 1204 1091; x_wconf 91' lang='lat' dir='ltr'>omnibus,</span> <span class='ocrx_word' id='word_1_129' title='bbox 1248 1058 1354 1097; x_wconf 88' lang='lat' dir='ltr'>quae</span> <span class='ocrx_word' id='word_1_130' title='bbox 1386 1057 1584 1096; x_wconf 89' lang='lat' dir='ltr'>umquam</span> <span class='ocrx_word' id='word_1_131' title='bbox 1618 1045 1656 1083; x_wconf 91' lang='lat' dir='ltr'>in</span> <span class='ocrx_word' id='word_1_132' title='bbox 1690 1057 1839 1098; x_wconf 85' lang='lat' dir='ltr'>corpus</span> 
     </span>
     <span class='ocr_line' id='line_1_19' title="bbox 209 1114 1842 1163; baseline 0.001 -10"><span class='ocrx_word' id='word_1_133' title='bbox 209 1121 324 1154; x_wconf 88' lang='lat' dir='ltr'>tuum</span> <span class='ocrx_word' id='word_1_134' title='bbox 370 1115 697 1162; x_wconf 90' lang='lat' dir='ltr'>descenderunt,</span> <span class='ocrx_word' id='word_1_135' title='bbox 740 1129 885 1155; x_wconf 88' lang='lat' dir='ltr'>recens</span> <span class='ocrx_word' id='word_1_136' title='bbox 924 1115 1092 1163; x_wconf 81' lang='lat' dir='ltr'>uolnus,</span> <span class='ocrx_word' id='word_1_137' title='bbox 1137 1114 1282 1155; x_wconf 88' lang='lat' dir='ltr'>fateor.</span> <span class='ocrx_word' id='word_1_138' title='bbox 1344 1128 1430 1155; x_wconf 92' lang='lat' dir='ltr'>non</span> <span class='ocrx_word' id='word_1_139' title='bbox 1461 1128 1671 1155; x_wconf 87' lang='lat' dir='ltr'>summam</span> <span class='ocrx_word' id='word_1_140' title='bbox 1705 1121 1842 1155; x_wconf 89' lang='lat' dir='ltr'>cutem</span> 
     </span>
     <span class='ocr_line' id='line_1_20' title="bbox 210 1185 1844 1239; baseline 0 -14"><span class='ocrx_word' id='word_1_141' title='bbox 210 1185 338 1238; x_wconf 88' lang='lat' dir='ltr'>rupit,</span> <span class='ocrx_word' id='word_1_142' title='bbox 381 1192 526 1238; x_wconf 83' lang='lat' dir='ltr'>pectus</span> <span class='ocrx_word' id='word_1_143' title='bbox 570 1192 610 1224; x_wconf 92' lang='lat' dir='ltr'>et</span> <span class='ocrx_word' id='word_1_144' title='bbox 654 1187 810 1225; x_wconf 87' lang='lat' dir='ltr'>uiscera</span> <span class='ocrx_word' id='word_1_145' title='bbox 851 1187 940 1238; x_wconf 90' lang='lat' dir='ltr'>ipsa</span> <span class='ocrx_word' id='word_1_146' title='bbox 973 1186 1117 1225; x_wconf 89' lang='lat' dir='ltr'>diuisit.</span> <span class='ocrx_word' id='word_1_147' title='bbox 1180 1187 1255 1226; x_wconf 92' lang='lat' dir='ltr'>sed</span> <span class='ocrx_word' id='word_1_148' title='bbox 1294 1187 1655 1239; x_wconf 83' lang='lat' dir='ltr'>quemadmodum</span> <span class='ocrx_word' id='word_1_149' title='bbox 1689 1187 1844 1226; x_wconf 90' lang='lat' dir='ltr'>tirones</span> 
     </span>
     <span class='ocr_line' id='line_1_21' title="bbox 209 1256 1841 1310; baseline 0.001 -15"><span class='ocrx_word' id='word_1_150' title='bbox 209 1256 354 1296; x_wconf 88' lang='lat' dir='ltr'>leuiter</span> <span class='ocrx_word' id='word_1_151' title='bbox 385 1257 509 1296; x_wconf 85' lang='lat' dir='ltr'>saucii</span> <span class='ocrx_word' id='word_1_152' title='bbox 541 1263 683 1296; x_wconf 88' lang='lat' dir='ltr'>tamen</span> <span class='ocrx_word' id='word_1_153' title='bbox 716 1256 992 1296; x_wconf 84' lang='lat' dir='ltr'>uociferantur</span> <span class='ocrx_word' id='word_1_154' title='bbox 1024 1264 1065 1296; x_wconf 92' lang='lat' dir='ltr'>et</span> <span class='ocrx_word' id='word_1_155' title='bbox 1099 1270 1244 1296; x_wconf 87' lang='lat' dir='ltr'>manus</span> <span class='ocrx_word' id='word_1_156' title='bbox 1278 1258 1538 1297; x_wconf 89' lang='lat' dir='ltr'>medicorum</span> <span class='ocrx_word' id='word_1_157' title='bbox 1562 1258 1694 1310; x_wconf 79' lang='lat' dir='ltr'>magis</span> <span class='ocrx_word' id='word_1_158' title='bbox 1716 1271 1841 1310; x_wconf 88' lang='lat' dir='ltr'>quam</span> 
     </span>
     <span class='ocr_line' id='line_1_22' title="bbox 210 1326 1842 1381; baseline 0.001 -15"><span class='ocrx_word' id='word_1_159' title='bbox 210 1326 362 1366; x_wconf 88' lang='lat' dir='ltr'>ferrum</span> <span class='ocrx_word' id='word_1_160' title='bbox 406 1327 597 1376; x_wconf 88' lang='lat' dir='ltr'>horrent,</span> <span class='ocrx_word' id='word_1_161' title='bbox 641 1335 682 1367; x_wconf 92' lang='lat' dir='ltr'>at</span> <span class='ocrx_word' id='word_1_162' title='bbox 725 1329 928 1376; x_wconf 91' lang='lat' dir='ltr'>ueterani,</span> <span class='ocrx_word' id='word_1_163' title='bbox 972 1329 1162 1380; x_wconf 84' lang='lat' dir='ltr'>quamuis</span> <span class='ocrx_word' id='word_1_164' title='bbox 1196 1328 1396 1377; x_wconf 78' lang='lat' dir='ltr'>confossi,</span> <span class='ocrx_word' id='word_1_165' title='bbox 1438 1329 1644 1381; x_wconf 87' lang='lat' dir='ltr'>patienter</span> <span class='ocrx_word' id='word_1_166' title='bbox 1676 1342 1724 1367; x_wconf 92' lang='lat' dir='ltr'>ac</span> <span class='ocrx_word' id='word_1_167' title='bbox 1756 1329 1842 1367; x_wconf 84' lang='lat' dir='ltr'>sine</span> 
     </span>
     <span class='ocr_line' id='line_1_23' title="bbox 209 1398 1843 1453; baseline 0.002 -17"><span class='ocrx_word' id='word_1_168' title='bbox 209 1399 367 1449; x_wconf 78' lang='lat' dir='ltr'>gemitu</span> <span class='ocrx_word' id='word_1_169' title='bbox 401 1398 511 1437; x_wconf 91' lang='lat' dir='ltr'>uelut</span> <span class='ocrx_word' id='word_1_170' title='bbox 544 1399 675 1438; x_wconf 89' lang='lat' dir='ltr'>aliena</span> <span class='ocrx_word' id='word_1_171' title='bbox 707 1412 884 1451; x_wconf 89' lang='lat' dir='ltr'>corpora</span> <span class='ocrx_word' id='word_1_172' title='bbox 917 1400 1099 1439; x_wconf 82' lang='lat' dir='ltr'>exaniari</span> <span class='ocrx_word' id='word_1_173' title='bbox 1132 1401 1363 1453; x_wconf 87' lang='lat' dir='ltr'>patiuntur:</span> <span class='ocrx_word' id='word_1_174' title='bbox 1407 1400 1465 1439; x_wconf 91' lang='lat' dir='ltr'>ita</span> <span class='ocrx_word' id='word_1_175' title='bbox 1493 1406 1537 1439; x_wconf 87' lang='lat' dir='ltr'>tu</span> <span class='ocrx_word' id='word_1_176' title='bbox 1570 1413 1678 1439; x_wconf 90' lang='lat' dir='ltr'>nunc</span> <span class='ocrx_word' id='word_1_177' title='bbox 1711 1399 1843 1439; x_wconf 87' lang='lat' dir='ltr'>debes</span> 
     </span>
    </p>
   </div>
   <div class='ocr_carea' id='block_1_9' title="bbox 210 1460 1876 1522">
    <p class='ocr_par' dir='ltr' id='par_1_10' title="bbox 210 1460 1876 1522">
     <span class='ocr_line' id='line_1_24' title="bbox 210 1460 1876 1522; baseline 0.001 -15"><span class='ocrx_word' id='word_1_178' title='bbox 210 1467 370 1507; x_wconf 86' lang='lat' dir='ltr'>fortiter</span> <span class='ocrx_word' id='word_1_179' title='bbox 411 1468 614 1521; x_wconf 88' lang='lat' dir='ltr'>praebere</span> <span class='ocrx_word' id='word_1_180' title='bbox 656 1476 697 1509; x_wconf 91' lang='lat' dir='ltr'>te</span> <span class='ocrx_word' id='word_1_181' title='bbox 735 1470 946 1509; x_wconf 86' lang='lat' dir='ltr'>curationi.</span> <span class='ocrx_word' id='word_1_182' title='bbox 1009 1470 1330 1510; x_wconf 88' lang='lat' dir='ltr'>lamentationes</span> <span class='ocrx_word' id='word_1_183' title='bbox 1362 1471 1531 1522; x_wconf 89' lang='lat' dir='ltr'>quidem</span> <span class='ocrx_word' id='word_1_184' title='bbox 1566 1477 1607 1510; x_wconf 92' lang='lat' dir='ltr'>et</span> <span class='ocrx_word' id='word_1_185' title='bbox 1639 1460 1843 1509; x_wconf 83' lang='lat' dir='ltr'>heiulatus</span> <span class='ocrx_word' id='word_1_186' title='bbox 1872 1484 1876 1492; x_wconf 84' lang='grc'><strong><em>·</em></strong></span> 
     </span>
    </p>
   </div>
   <div class='ocr_carea' id='block_1_10' title="bbox 210 1538 1843 1877">
    <p class='ocr_par' dir='ltr' id='par_1_11' title="bbox 210 1538 1843 1807">
     <span class='ocr_line' id='line_1_25' title="bbox 211 1538 1840 1593; baseline 0.002 -16"><span class='ocrx_word' id='word_1_187' title='bbox 211 1545 252 1578; x_wconf 90' lang='lat' dir='ltr'>et</span> <span class='ocrx_word' id='word_1_188' title='bbox 284 1538 381 1587; x_wconf 85' lang='lat' dir='ltr'>alia,</span> <span class='ocrx_word' id='word_1_189' title='bbox 425 1554 499 1592; x_wconf 85' lang='lat' dir='ltr'>per</span> <span class='ocrx_word' id='word_1_190' title='bbox 531 1554 637 1592; x_wconf 86' lang='lat' dir='ltr'>quae</span> <span class='ocrx_word' id='word_1_191' title='bbox 669 1540 754 1579; x_wconf 87' lang='lat' dir='ltr'>fere</span> <span class='ocrx_word' id='word_1_192' title='bbox 786 1540 997 1580; x_wconf 90' lang='lat' dir='ltr'>muliebris</span> <span class='ocrx_word' id='word_1_193' title='bbox 1031 1541 1153 1581; x_wconf 92' lang='lat' dir='ltr'>dolor</span> <span class='ocrx_word' id='word_1_194' title='bbox 1184 1541 1480 1589; x_wconf 86' lang='lat' dir='ltr'>tumultuatur,</span> <span class='ocrx_word' id='word_1_195' title='bbox 1523 1554 1686 1581; x_wconf 86' lang='lat' dir='ltr'>amoue.</span> <span class='ocrx_word' id='word_1_196' title='bbox 1749 1554 1840 1593; x_wconf 92' lang='lat' dir='ltr'>per-</span> 
     </span>
     <span class='ocr_line' id='line_1_26' title="bbox 210 1609 1843 1664; baseline 0.001 -16"><span class='ocrx_word' id='word_1_197' title='bbox 210 1609 347 1649; x_wconf 88' lang='lat' dir='ltr'>didisti</span> <span class='ocrx_word' id='word_1_198' title='bbox 390 1611 498 1650; x_wconf 89' lang='lat' dir='ltr'>enim</span> <span class='ocrx_word' id='word_1_199' title='bbox 542 1616 605 1650; x_wconf 90' lang='lat' dir='ltr'>tot</span> <span class='ocrx_word' id='word_1_200' title='bbox 648 1610 778 1659; x_wconf 89' lang='lat' dir='ltr'>mala,</span> <span class='ocrx_word' id='word_1_201' title='bbox 821 1612 853 1651; x_wconf 89' lang='lat' dir='ltr'>si</span> <span class='ocrx_word' id='word_1_202' title='bbox 895 1613 1083 1652; x_wconf 88' lang='lat' dir='ltr'>nondum</span> <span class='ocrx_word' id='word_1_203' title='bbox 1129 1613 1278 1652; x_wconf 84' lang='lat' dir='ltr'>misera</span> <span class='ocrx_word' id='word_1_204' title='bbox 1320 1626 1411 1652; x_wconf 92' lang='lat' dir='ltr'>esse</span> <span class='ocrx_word' id='word_1_205' title='bbox 1444 1612 1630 1652; x_wconf 86' lang='lat' dir='ltr'>didicisti.</span> <span class='ocrx_word' id='word_1_206' title='bbox 1694 1612 1843 1664; x_wconf 83' lang='lat' dir='ltr'>ecquid</span> 
     </span>
     <span class='ocr_line' id='line_1_27' title="bbox 211 1681 1842 1735; baseline 0.002 -15"><span class='ocrx_word' id='word_1_207' title='bbox 211 1681 357 1721; x_wconf 89' lang='lat' dir='ltr'>uideor</span> <span class='ocrx_word' id='word_1_208' title='bbox 388 1696 472 1722; x_wconf 90' lang='lat' dir='ltr'>non</span> <span class='ocrx_word' id='word_1_209' title='bbox 505 1683 649 1722; x_wconf 89' lang='lat' dir='ltr'>timide</span> <span class='ocrx_word' id='word_1_210' title='bbox 682 1689 821 1722; x_wconf 91' lang='lat' dir='ltr'>tecum</span> <span class='ocrx_word' id='word_1_211' title='bbox 856 1685 1016 1735; x_wconf 82' lang='lat' dir='ltr'>egisse?</span> <span class='ocrx_word' id='word_1_212' title='bbox 1060 1683 1157 1722; x_wconf 86' lang='lat' dir='ltr'>nihil</span> <span class='ocrx_word' id='word_1_213' title='bbox 1191 1683 1264 1722; x_wconf 90' lang='lat' dir='ltr'>tibi</span> <span class='ocrx_word' id='word_1_214' title='bbox 1297 1684 1481 1723; x_wconf 81' lang='lat' dir='ltr'>subduxi</span> <span class='ocrx_word' id='word_1_215' title='bbox 1514 1698 1567 1723; x_wconf 79' lang='lat' dir='ltr'>ex</span> <span class='ocrx_word' id='word_1_216' title='bbox 1602 1682 1718 1723; x_wconf 89' lang='lat' dir='ltr'>malis</span> <span class='ocrx_word' id='word_1_217' title='bbox 1751 1685 1842 1732; x_wconf 89' lang='lat' dir='ltr'>tuis,</span> 
     </span>
     <span class='ocr_line' id='line_1_28' title="bbox 210 1754 1105 1807; baseline 0.002 -15"><span class='ocrx_word' id='word_1_218' title='bbox 210 1754 285 1792; x_wconf 85' lang='lat' dir='ltr'>sed</span> <span class='ocrx_word' id='word_1_219' title='bbox 319 1754 459 1793; x_wconf 86' lang='lat' dir='ltr'>onmia</span> <span class='ocrx_word' id='word_1_220' title='bbox 492 1760 739 1794; x_wconf 87' lang='lat' dir='ltr'>coaceruata</span> <span class='ocrx_word' id='word_1_221' title='bbox 772 1761 868 1794; x_wconf 88' lang='lat' dir='ltr'>ante</span> <span class='ocrx_word' id='word_1_222' title='bbox 901 1761 942 1794; x_wconf 92' lang='lat' dir='ltr'>te</span> <span class='ocrx_word' id='word_1_223' title='bbox 975 1756 1105 1807; x_wconf 91' lang='lat' dir='ltr'>posui.</span> 
     </span>
    </p>

    <p class='ocr_par' dir='ltr' id='par_1_12' title="bbox 329 1825 1841 1877">
     <span class='ocr_line' id='line_1_29' title="bbox 329 1825 1841 1877; baseline 0.002 -14"><span class='ocrx_word' id='word_1_224' title='bbox 329 1825 400 1864; x_wconf 80' lang='lat' dir='ltr'>IV.</span> <span class='ocrx_word' id='word_1_225' title='bbox 446 1825 603 1877; x_wconf 82' lang='lat' dir='ltr'>Magno</span> <span class='ocrx_word' id='word_1_226' title='bbox 647 1826 688 1865; x_wconf 92' lang='lat' dir='ltr'>id</span> <span class='ocrx_word' id='word_1_227' title='bbox 732 1826 871 1865; x_wconf 87' lang='lat' dir='ltr'>animo</span> <span class='ocrx_word' id='word_1_228' title='bbox 915 1825 1001 1865; x_wconf 87' lang='lat' dir='ltr'>feci.</span> <span class='ocrx_word' id='word_1_229' title='bbox 1065 1826 1258 1866; x_wconf 88' lang='lat' dir='ltr'>constitui</span> <span class='ocrx_word' id='word_1_230' title='bbox 1301 1826 1410 1865; x_wconf 88' lang='lat' dir='ltr'>enim</span> <span class='ocrx_word' id='word_1_231' title='bbox 1454 1827 1618 1865; x_wconf 89' lang='lat' dir='ltr'>uincere</span> <span class='ocrx_word' id='word_1_232' title='bbox 1650 1825 1841 1867; x_wconf 90' lang='lat' dir='ltr'>dolorem</span> 
     </span>
    </p>
   </div>
   <div class='ocr_carea' id='block_1_11' title="bbox 157 1897 1840 1950">
    <p class='ocr_par' dir='ltr' id='par_1_13' title="bbox 157 1897 1840 1950">
     <span class='ocr_line' id='line_1_30' title="bbox 157 1897 1840 1950; baseline 0.002 -17"><span class='ocrx_word' id='word_1_233' title='bbox 157 1911 170 1931; x_wconf 83' lang='lat'>·.</span> <span class='ocrx_word' id='word_1_234' title='bbox 211 1902 338 1943; x_wconf 86' lang='lat' dir='ltr'>tuum,</span> <span class='ocrx_word' id='word_1_235' title='bbox 372 1909 455 1935; x_wconf 91' lang='lat' dir='ltr'>non</span> <span class='ocrx_word' id='word_1_236' title='bbox 489 1897 838 1936; x_wconf 88' lang='lat' dir='ltr'>circumscribere.</span> <span class='ocrx_word' id='word_1_237' title='bbox 898 1898 1059 1936; x_wconf 88' lang='lat' dir='ltr'>uincam</span> <span class='ocrx_word' id='word_1_238' title='bbox 1093 1903 1247 1944; x_wconf 88' lang='lat' dir='ltr'>autem,</span> <span class='ocrx_word' id='word_1_239' title='bbox 1280 1903 1395 1950; x_wconf 92' lang='lat' dir='ltr'>puto,</span> <span class='ocrx_word' id='word_1_240' title='bbox 1428 1898 1607 1950; x_wconf 89' lang='lat' dir='ltr'>primum</span> <span class='ocrx_word' id='word_1_241' title='bbox 1639 1898 1672 1937; x_wconf 92' lang='lat' dir='ltr'>si</span> <span class='ocrx_word' id='word_1_242' title='bbox 1704 1903 1840 1937; x_wconf 90' lang='lat' dir='ltr'>osten-</span> 
     </span>
    </p>
   </div>
   <div class='ocr_carea' id='block_1_12' title="bbox 210 1965 1844 2516">
    <p class='ocr_par' dir='ltr' id='par_1_14' title="bbox 210 1965 1843 2232">
     <span class='ocr_line' id='line_1_31' title="bbox 211 1965 1842 2020; baseline 0.001 -15"><span class='ocrx_word' id='word_1_243' title='bbox 211 1967 313 2005; x_wconf 89' lang='lat' dir='ltr'>dero</span> <span class='ocrx_word' id='word_1_244' title='bbox 346 1965 442 2005; x_wconf 84' lang='lat' dir='ltr'>nihil</span> <span class='ocrx_word' id='word_1_245' title='bbox 477 1980 543 2005; x_wconf 90' lang='lat' dir='ltr'>me</span> <span class='ocrx_word' id='word_1_246' title='bbox 576 1968 681 2018; x_wconf 88' lang='lat' dir='ltr'>pati,</span> <span class='ocrx_word' id='word_1_247' title='bbox 724 1973 898 2019; x_wconf 89' lang='lat' dir='ltr'>propter</span> <span class='ocrx_word' id='word_1_248' title='bbox 930 1968 1045 2019; x_wconf 90' lang='lat' dir='ltr'>quod</span> <span class='ocrx_word' id='word_1_249' title='bbox 1077 1968 1166 2019; x_wconf 89' lang='lat' dir='ltr'>ipse</span> <span class='ocrx_word' id='word_1_250' title='bbox 1199 1968 1276 2007; x_wconf 89' lang='lat' dir='ltr'>dici</span> <span class='ocrx_word' id='word_1_251' title='bbox 1309 1967 1467 2020; x_wconf 89' lang='lat' dir='ltr'>possim</span> <span class='ocrx_word' id='word_1_252' title='bbox 1501 1969 1644 2016; x_wconf 86' lang='lat' dir='ltr'>miser,</span> <span class='ocrx_word' id='word_1_253' title='bbox 1687 1968 1842 2007; x_wconf 91' lang='lat' dir='ltr'>nedum</span> 
     </span>
     <span class='ocr_line' id='line_1_32' title="bbox 210 2037 1843 2090; baseline 0.001 -14"><span class='ocrx_word' id='word_1_254' title='bbox 210 2043 382 2090; x_wconf 88' lang='lat' dir='ltr'>propter</span> <span class='ocrx_word' id='word_1_255' title='bbox 424 2038 537 2089; x_wconf 90' lang='lat' dir='ltr'>quod</span> <span class='ocrx_word' id='word_1_256' title='bbox 582 2038 755 2077; x_wconf 87' lang='lat' dir='ltr'>miseros</span> <span class='ocrx_word' id='word_1_257' title='bbox 788 2039 912 2078; x_wconf 88' lang='lat' dir='ltr'>etiam</span> <span class='ocrx_word' id='word_1_258' title='bbox 947 2052 1052 2089; x_wconf 91' lang='lat' dir='ltr'>quos</span> <span class='ocrx_word' id='word_1_259' title='bbox 1085 2039 1287 2090; x_wconf 82' lang='lat' dir='ltr'>contingo</span> <span class='ocrx_word' id='word_1_260' title='bbox 1321 2037 1493 2078; x_wconf 85' lang='lat' dir='ltr'>faciam:</span> <span class='ocrx_word' id='word_1_261' title='bbox 1542 2039 1693 2078; x_wconf 90' lang='lat' dir='ltr'>deinde</span> <span class='ocrx_word' id='word_1_262' title='bbox 1725 2039 1757 2078; x_wconf 89' lang='lat' dir='ltr'>si</span> <span class='ocrx_word' id='word_1_263' title='bbox 1789 2039 1843 2078; x_wconf 87' lang='lat' dir='ltr'>ad</span> 
     </span>
     <span class='ocr_line' id='line_1_33' title="bbox 211 2108 1843 2162; baseline 0.002 -16"><span class='ocrx_word' id='word_1_264' title='bbox 211 2115 251 2147; x_wconf 89' lang='lat' dir='ltr'>te</span> <span class='ocrx_word' id='word_1_265' title='bbox 285 2109 485 2148; x_wconf 85' lang='lat' dir='ltr'>transiero</span> <span class='ocrx_word' id='word_1_266' title='bbox 520 2115 561 2147; x_wconf 86' lang='lat' dir='ltr'>ct</span> <span class='ocrx_word' id='word_1_267' title='bbox 594 2109 830 2161; x_wconf 89' lang='lat' dir='ltr'>probauero</span> <span class='ocrx_word' id='word_1_268' title='bbox 863 2123 915 2161; x_wconf 82' lang='lat' dir='ltr'>ne</span> <span class='ocrx_word' id='word_1_269' title='bbox 948 2115 1062 2149; x_wconf 89' lang='lat' dir='ltr'>tuam</span> <span class='ocrx_word' id='word_1_270' title='bbox 1096 2110 1267 2162; x_wconf 87' lang='lat' dir='ltr'>quidem</span> <span class='ocrx_word' id='word_1_271' title='bbox 1301 2123 1473 2161; x_wconf 79' lang='lat' dir='ltr'>grauem</span> <span class='ocrx_word' id='word_1_272' title='bbox 1508 2123 1599 2149; x_wconf 91' lang='lat' dir='ltr'>esse</span> <span class='ocrx_word' id='word_1_273' title='bbox 1622 2108 1843 2157; x_wconf 87' lang='lat' dir='ltr'>fortunam,</span> 
     </span>
     <span class='ocr_line' id='line_1_34' title="bbox 210 2174 849 2232; baseline 0.002 -14"><span class='ocrx_word' id='word_1_274' title='bbox 210 2174 316 2231; x_wconf 86' lang='lat' dir='ltr'>quae</span> <span class='ocrx_word' id='word_1_275' title='bbox 349 2185 439 2218; x_wconf 83' lang='lat' dir='ltr'>tota</span> <span class='ocrx_word' id='word_1_276' title='bbox 473 2192 527 2218; x_wconf 80' lang='lat' dir='ltr'>ex</span> <span class='ocrx_word' id='word_1_277' title='bbox 561 2193 655 2218; x_wconf 86' lang='lat' dir='ltr'>mea</span> <span class='ocrx_word' id='word_1_278' title='bbox 682 2181 849 2232; x_wconf 89' lang='lat' dir='ltr'>pendet.</span> 
     </span>
    </p>

    <p class='ocr_par' dir='ltr' id='par_1_15' title="bbox 211 2249 1844 2516">
     <span class='ocr_line' id='line_1_35' title="bbox 329 2249 1844 2303; baseline 0.002 -16"><span class='ocrx_word' id='word_1_279' title='bbox 329 2249 425 2288; x_wconf 92' lang='lat' dir='ltr'>Hoc</span> <span class='ocrx_word' id='word_1_280' title='bbox 458 2250 567 2301; x_wconf 81' lang='lat' dir='ltr'>prius</span> <span class='ocrx_word' id='word_1_281' title='bbox 600 2250 831 2301; x_wconf 79' lang='lat' dir='ltr'>adgrediar,</span> <span class='ocrx_word' id='word_1_282' title='bbox 864 2251 978 2303; x_wconf 88' lang='lat' dir='ltr'>quod</span> <span class='ocrx_word' id='word_1_283' title='bbox 1011 2251 1143 2303; x_wconf 80' lang='lat' dir='ltr'>pietas</span> <span class='ocrx_word' id='word_1_284' title='bbox 1174 2257 1245 2290; x_wconf 87' lang='lat' dir='ltr'>tua</span> <span class='ocrx_word' id='word_1_285' title='bbox 1277 2251 1418 2290; x_wconf 86' lang='lat' dir='ltr'>audire</span> <span class='ocrx_word' id='word_1_286' title='bbox 1451 2251 1587 2303; x_wconf 84' lang='lat' dir='ltr'>gestit,</span> <span class='ocrx_word' id='word_1_287' title='bbox 1620 2250 1716 2290; x_wconf 90' lang='lat' dir='ltr'>nihil</span> <span class='ocrx_word' id='word_1_288' title='bbox 1746 2251 1844 2291; x_wconf 88' lang='lat' dir='ltr'>mihi</span> 
     </span>
     <span class='ocr_line' id='line_1_36' title="bbox 212 2320 1844 2374; baseline 0.002 -16"><span class='ocrx_word' id='word_1_289' title='bbox 212 2320 306 2358; x_wconf 84' lang='lat' dir='ltr'>mali</span> <span class='ocrx_word' id='word_1_290' title='bbox 340 2334 454 2359; x_wconf 80' lang='lat' dir='ltr'>esse:</span> <span class='ocrx_word' id='word_1_291' title='bbox 501 2321 533 2359; x_wconf 71' lang='lat' dir='ltr'>si</span> <span class='ocrx_word' id='word_1_292' title='bbox 566 2326 757 2372; x_wconf 87' lang='lat' dir='ltr'>potuero,</span> <span class='ocrx_word' id='word_1_293' title='bbox 791 2321 899 2373; x_wconf 84' lang='lat' dir='ltr'>ipsas</span> <span class='ocrx_word' id='word_1_294' title='bbox 933 2335 1009 2370; x_wconf 87' lang='lat' dir='ltr'>res,</span> <span class='ocrx_word' id='word_1_295' title='bbox 1041 2321 1190 2374; x_wconf 88' lang='lat' dir='ltr'>quibus</span> <span class='ocrx_word' id='word_1_296' title='bbox 1224 2335 1292 2361; x_wconf 90' lang='lat' dir='ltr'>me</span> <span class='ocrx_word' id='word_1_297' title='bbox 1324 2327 1445 2374; x_wconf 87' lang='lat' dir='ltr'>putas</span> <span class='ocrx_word' id='word_1_298' title='bbox 1468 2323 1612 2374; x_wconf 86' lang='lat' dir='ltr'>premi,</span> <span class='ocrx_word' id='word_1_299' title='bbox 1646 2331 1730 2361; x_wconf 83' lang='lat' dir='ltr'>non</span> <span class='ocrx_word' id='word_1_300' title='bbox 1753 2336 1844 2362; x_wconf 88' lang='lat' dir='ltr'>esse</span> 
     </span>
     <span class='ocr_line' id='line_1_37' title="bbox 211 2389 1843 2445; baseline 0.002 -16"><span class='ocrx_word' id='word_1_301' title='bbox 211 2390 491 2430; x_wconf 77' lang='lat' dir='ltr'>intolerabiles</span> <span class='ocrx_word' id='word_1_302' title='bbox 533 2389 679 2430; x_wconf 82' lang='lat' dir='ltr'>faciam</span> <span class='ocrx_word' id='word_1_303' title='bbox 725 2392 1000 2431; x_wconf 87' lang='lat' dir='ltr'>manifestum.</span> <span class='ocrx_word' id='word_1_304' title='bbox 1076 2394 1136 2432; x_wconf 86' lang='lat' dir='ltr'>sin</span> <span class='ocrx_word' id='word_1_305' title='bbox 1179 2392 1216 2431; x_wconf 87' lang='lat' dir='ltr'>id</span> <span class='ocrx_word' id='word_1_306' title='bbox 1261 2393 1373 2432; x_wconf 91' lang='lat' dir='ltr'>credi</span> <span class='ocrx_word' id='word_1_307' title='bbox 1417 2406 1501 2432; x_wconf 92' lang='lat' dir='ltr'>non</span> <span class='ocrx_word' id='word_1_308' title='bbox 1543 2393 1749 2445; x_wconf 87' lang='lat' dir='ltr'>potuerit:</span> <span class='ocrx_word' id='word_1_309' title='bbox 1802 2399 1843 2432; x_wconf 86' lang='lat' dir='ltr'>at</span> 
     </span>
     <span class='ocr_line' id='line_1_38' title="bbox 213 2460 1844 2516; baseline 0.002 -17"><span class='ocrx_word' id='word_1_310' title='bbox 213 2475 294 2513; x_wconf 79' lang='lat' dir='ltr'>ego</span> <span class='ocrx_word' id='word_1_311' title='bbox 328 2460 425 2500; x_wconf 86' lang='lat' dir='ltr'>mihi</span> <span class='ocrx_word' id='word_1_312' title='bbox 460 2463 544 2514; x_wconf 81' lang='lat' dir='ltr'>ipsc</span> <span class='ocrx_word' id='word_1_313' title='bbox 578 2462 710 2514; x_wconf 81' lang='lat' dir='ltr'>magis</span> <span class='ocrx_word' id='word_1_314' title='bbox 743 2462 932 2515; x_wconf 85' lang='lat' dir='ltr'>placebo,</span> <span class='ocrx_word' id='word_1_315' title='bbox 966 2464 1081 2515; x_wconf 88' lang='lat' dir='ltr'>quod</span> <span class='ocrx_word' id='word_1_316' title='bbox 1114 2464 1219 2503; x_wconf 90' lang='lat' dir='ltr'>inter</span> <span class='ocrx_word' id='word_1_317' title='bbox 1252 2476 1322 2502; x_wconf 84' lang='lat' dir='ltr'>eas</span> <span class='ocrx_word' id='word_1_318' title='bbox 1355 2476 1419 2502; x_wconf 86' lang='lat' dir='ltr'>res</span> <span class='ocrx_word' id='word_1_319' title='bbox 1451 2463 1598 2503; x_wconf 86' lang='lat' dir='ltr'>beatus</span> <span class='ocrx_word' id='word_1_320' title='bbox 1621 2476 1705 2511; x_wconf 89' lang='lat' dir='ltr'>ero,</span> <span class='ocrx_word' id='word_1_321' title='bbox 1737 2476 1844 2516; x_wconf 86' lang='lat' dir='ltr'>quae</span> 
     </span>
    </p>
   </div>
   <div class='ocr_carea' id='block_1_13' title="bbox 218 2562 316 2565">
    <p class='ocr_par' dir='ltr' id='par_1_16' title="bbox 218 2562 316 2565">
     <span class='ocr_line' id='line_1_39' title="bbox 218 2562 316 2565; baseline 0 0"><span class='ocrx_word' id='word_1_322' title='bbox 218 2562 316 2565; x_wconf 95' lang='lat' dir='ltr'> </span> 
     </span>
    </p>
   </div>
   <div class='ocr_carea' id='block_1_14' title="bbox 211 2612 1843 2775">
    <p class='ocr_par' dir='ltr' id='par_1_17' title="bbox 211 2612 1843 2775">
     <span class='ocr_line' id='line_1_40' title="bbox 211 2612 1841 2659; baseline 0.002 -16"><span class='ocrx_word' id='word_1_323' title='bbox 211 2614 230 2645; x_wconf 72' lang='lat'>:3</span> <span class='ocrx_word' id='word_1_324' title='bbox 258 2613 447 2650; x_wconf 74' lang='lat' dir='ltr'>tricensimu</span> <span class='ocrx_word' id='word_1_325' title='bbox 572 2615 590 2642; x_wconf 69' lang='grc' dir='ltr'>«ἱ</span> <span class='ocrx_word' id='word_1_326' title='bbox 616 2618 695 2645; x_wconf 68' lang='lat' dir='ltr'>csse-t</span> <span class='ocrx_word' id='word_1_327' title='bbox 715 2615 836 2645; x_wconf 80' lang='lat' dir='ltr'>habere</span> <span class='ocrx_word' id='word_1_328' title='bbox 854 2615 907 2645; x_wconf 88' lang='lat' dir='ltr'>ubi</span> <span class='ocrx_word' id='word_1_329' title='bbox 926 2626 959 2646; x_wconf 76' lang='lat' dir='ltr'>se</span> <span class='ocrx_word' id='word_1_330' title='bbox 980 2616 1066 2656; x_wconf 76' lang='lat' dir='ltr'>(ras.</span> <span class='ocrx_word' id='word_1_331' title='bbox 1086 2618 1168 2648; x_wconf 69' lang='lat' dir='ltr'>anm</span> <span class='ocrx_word' id='word_1_332' title='bbox 1187 2614 1276 2654; x_wconf 88' lang='lat' dir='ltr'>ubi):</span> <span class='ocrx_word' id='word_1_333' title='bbox 1307 2618 1460 2658; x_wconf 73' lang='lat' dir='ltr'>apparel</span> <span class='ocrx_word' id='word_1_334' title='bbox 1481 2612 1619 2658; x_wconf 65' lang='lat' dir='ltr'>duplex</span> <span class='ocrx_word' id='word_1_335' title='bbox 1645 2613 1841 2659; x_wconf 75' lang='lat' dir='ltr'>scriptura,</span> 
     </span>
     <span class='ocr_line' id='line_1_41' title="bbox 211 2671 1843 2718; baseline 0 -14"><span class='ocrx_word' id='word_1_336' title='bbox 211 2677 291 2704; x_wconf 59' lang='lat' dir='ltr'>esset</span> <span class='ocrx_word' id='word_1_337' title='bbox 310 2676 372 2705; x_wconf 75' lang='lat' dir='ltr'>(ml</span> <span class='ocrx_word' id='word_1_338' title='bbox 389 2672 547 2707; x_wconf 67' lang='lat' dir='ltr'>habetest.</span> <span class='ocrx_word' id='word_1_339' title='bbox 577 2682 727 2716; x_wconf 75' lang='lat' dir='ltr'>qnorum</span> <span class='ocrx_word' id='word_1_340' title='bbox 756 2679 835 2704; x_wconf 64' lang='lat' dir='ltr'>esset</span> <span class='ocrx_word' id='word_1_341' title='bbox 865 2678 901 2706; x_wconf 76' lang='lat' dir='ltr'>nl</span> <span class='ocrx_word' id='word_1_342' title='bbox 929 2673 1035 2718; x_wconf 60' lang='grc' dir='ltr'><em>Νηίῳ)</em></span> <span class='ocrx_word' id='word_1_343' title='bbox 1057 2672 1256 2718; x_wconf 69' lang='lat' dir='ltr'>praeferre</span> <span class='ocrx_word' id='word_1_344' title='bbox 1281 2683 1351 2707; x_wconf 75' lang='lat' dir='ltr'>nou</span> <span class='ocrx_word' id='word_1_345' title='bbox 1379 2671 1542 2707; x_wconf 71' lang='lat' dir='ltr'>dubilam&#39;</span> <span class='ocrx_word' id='word_1_346' title='bbox 1665 2673 1702 2706; x_wconf 64' lang='lat'>14</span> <span class='ocrx_word' id='word_1_347' title='bbox 1732 2674 1843 2704; x_wconf 76' lang='lat' dir='ltr'>uulnus</span> 
     </span>
     <span class='ocr_line' id='line_1_42' title="bbox 330 2730 1840 2775; baseline 0 -11"><span class='ocrx_word' id='word_1_348' title='bbox 330 2732 373 2765; x_wconf 52' lang='lat' dir='ltr'>‘lo&#39;</span> <span class='ocrx_word' id='word_1_349' title='bbox 400 2733 556 2764; x_wconf 75' lang='lat' dir='ltr'>exsaniari</span> <span class='ocrx_word' id='word_1_350' title='bbox 697 2734 741 2765; x_wconf 22' lang='lat'>2⁴.)</span> <span class='ocrx_word' id='word_1_351' title='bbox 760 2733 925 2764; x_wconf 73' lang='lat' dir='ltr'>muliebris</span> <span class='ocrx_word' id='word_1_352' title='bbox 944 2730 1160 2766; x_wconf 71' lang='lat' dir='ltr'>Pincianus:</span> <span class='ocrx_word' id='word_1_353' title='bbox 1191 2733 1331 2764; x_wconf 69' lang='lat' dir='ltr'>mulieris</span> <span class='ocrx_word' id='word_1_354' title='bbox 1453 2732 1496 2766; x_wconf 66' lang='lat'>⁴27</span> <span class='ocrx_word' id='word_1_355' title='bbox 1516 2733 1557 2770; x_wconf 72' lang='lat' dir='ltr'>ad</span> <span class='ocrx_word' id='word_1_356' title='bbox 1578 2732 1612 2775; x_wconf 83' lang='lat' dir='ltr'>(d</span> <span class='ocrx_word' id='word_1_357' title='bbox 1632 2742 1681 2766; x_wconf 68' lang='lat' dir='ltr'>erc</span> <span class='ocrx_word' id='word_1_358' title='bbox 1699 2737 1709 2763; x_wconf 94' lang='lat' dir='ltr'>t</span> <span class='ocrx_word' id='word_1_359' title='bbox 1730 2733 1840 2774; x_wconf 82' lang='lat' dir='ltr'>corr.)</span> 
     </span>
    </p>
   </div>
   <div class='ocr_carea' id='block_1_15' title="bbox 330 2801 982 2868">
    <p class='ocr_par' dir='ltr' id='par_1_18' title="bbox 330 2801 982 2868">
     <span class='ocr_line' id='line_1_43' title="bbox 330 2801 982 2868; baseline 0.003 -9"><span class='ocrx_word' id='word_1_360' title='bbox 330 2825 374 2859; x_wconf 72' lang='lat'>32</span> <span class='ocrx_word' id='word_1_361' title='bbox 403 2801 600 2858; x_wconf 63' lang='lat' dir='ltr'>ltolerabiles</span> <span class='ocrx_word' id='word_1_362' title='bbox 722 2832 753 2858; x_wconf 77' lang='lat' dir='ltr'>at</span> <span class='ocrx_word' id='word_1_363' title='bbox 780 2828 802 2868; x_wconf 86' lang='lat' dir='ltr'>(t</span> <span class='ocrx_word' id='word_1_364' title='bbox 830 2827 863 2860; x_wconf 69' lang='lat' dir='ltr'>iu</span> <span class='ocrx_word' id='word_1_365' title='bbox 892 2829 982 2867; x_wconf 63' lang='lat' dir='ltr'>ras.)</span> 
     </span>
    </p>
   </div>
   <div class='ocr_carea' id='block_1_16' title="bbox 1872 1482 1891 1513">
    <p class='ocr_par' dir='ltr' id='par_1_19' title="bbox 1872 1482 1891 1513">
     <span class='ocr_line' id='line_1_44' title="bbox 1872 1482 1891 1513; textangle 90"><span class='ocrx_word' id='word_1_366' title='bbox 1872 1482 1891 1513; x_wconf 65' lang='lat'>1.-</span> 
     </span>
    </p>
   </div>
   <div class='ocr_carea' id='block_1_17' title="bbox 1871 2262 1891 2295">
    <p class='ocr_par' dir='ltr' id='par_1_20' title="bbox 1871 2262 1891 2295">
     <span class='ocr_line' id='line_1_45' title="bbox 1871 2262 1891 2295; textangle 90"><span class='ocrx_word' id='word_1_367' title='bbox 1871 2262 1891 2295; x_wconf 57' lang='lat' dir='ltr'>m</span> 
     </span>
    </p>
   </div>
  </div>
 </body>
</html>
