2008 3221
274 110 355 150 134
562 106 664 132 DIAL.
687 105 736 131 VI.
775 105 829 129 AD
852 103 1041 129 MARCIAM
1062 104 1115 130 DE
1136 102 1458 133 CONSOLATIONE.
1501 106 1541 134 12.
1565 105 1607 131 13.

269 204 434 244 fabulae
466 203 655 242 inmunes
688 201 952 254 reliquerunt,
983 207 1099 255 puto,
1133 208 1177 241 ut
1209 209 1449 242 nostrorum
1473 202 1660 242 funerum
1683 202 1893 243 leuamen-

269 282 358 315 tum
402 281 511 314 esset
553 275 678 313 etiam
712 273 849 313 diuina
881 274 1112 313 concidere.
1174 273 1462 326 circumspice,
1504 274 1694 326 inquam,
1736 275 1892 314 omnis:

269 346 422 385 nullam
466 351 554 384 tam
597 345 792 384 miseram
835 344 1070 383 nominabis
1112 344 1310 392 domum,
1359 357 1468 396 quae
1509 358 1594 384 non
1634 345 1814 384 inueniat
1856 346 1896 384 in

269 417 481 456 miseriore
522 415 734 455 solacium.
796 428 880 454 non
923 428 992 454 me
1031 414 1219 454 hercules
1250 420 1338 454 tam
1372 414 1480 454 male
1513 416 1566 454 de
1599 415 1785 455 moribus
1817 416 1897 455 tuis
1924 423 1943 456 ἴ)

233 502 247 525 ε»
267 488 414 534 sentio,
447 493 490 526 ut
522 493 666 539 putem
699 499 826 538 posse
858 492 900 525 te
932 485 1059 525 leuius
1091 487 1176 539 pati
1209 499 1349 526 casum
1373 492 1502 534 tuum,
1535 488 1566 526 si
1588 487 1662 526 tibi
1683 487 1897 539 ingentem

267 558 494 610 lugentium
527 571 747 597 numerum
780 557 1043 610 produxero:
1082 557 1322 596 maliuolum
1355 557 1495 597 solacii
1526 570 1658 608 genus
1690 564 1753 597 est
1775 558 1899 598 turba

269 630 528 669 miserorum.
592 630 800 682 quosdam
844 635 985 668 tamen
1028 628 1226 676 referam,
1280 642 1365 668 non
1407 634 1451 667 ut
1493 629 1597 668 scias
1639 628 1721 668 hoc
1762 629 1899 668 solere

267 701 504 740 hominibus
536 701 746 748 accidere,
788 699 1005 739 ridiculum
1039 706 1102 739 est
1134 700 1242 738 enim
1277 699 1540 740 mortalitatis
1572 699 1769 752 exempla
1799 713 1896 739 con-

266 771 405 823 ligere,
438 772 514 810 sed
537 778 581 810 ut
603 772 707 810 scias
730 770 853 810 fuisse
875 770 1041 818 multos,
1074 771 1143 822 qui
1165 770 1339 810 lenirent
1361 784 1508 823 aspera
1528 770 1691 823 placide
1711 769 1896 810 ferendo.

216 854 246 878 10
267 856 290 881 a
321 842 554 882 felicissimo
586 842 798 895 incipiam:
836 842 882 880 L.
916 840 1031 881 Sulla
1062 840 1189 880 filium
1222 841 1378 889 amisit,
1421 854 1498 881 nec
1530 855 1579 881 ea
1611 855 1675 881 res
1707 847 1777 881 aut
1808 854 1896 881 ma·
1924 846 1944 880 G

265 913 391 952 litiam
426 913 510 951 eius
543 918 584 951 et
616 913 860 952 acerrimam
893 912 1088 951 uirtutem
1121 914 1161 951 in
1193 911 1336 951 hostes
1369 912 1561 964 ciuesque
1594 912 1794 960 contudit,
1827 918 1899 951 aut

266 983 403 1023 effecit
447 989 491 1022 ut
534 996 772 1035 cognomen
814 982 914 1022 illud
957 996 1176 1035 usurpasse
1217 982 1321 1022 falso
1356 983 1565 1022 uideretur
1596 983 1712 1035 quod
1744 983 1898 1022 amisso

266 1054 348 1093 filio
391 1055 645 1107 adsumpsit,
694 1067 770 1093 nec
813 1055 912 1093 odia
953 1054 1171 1093 hominum
1214 1054 1386 1102 ueritus,
1430 1067 1608 1106 quorum
1652 1053 1763 1093 malo
1806 1053 1899 1092 illae

267 1126 385 1165 nimis
418 1126 626 1164 secundae
658 1139 723 1165 res
756 1125 1016 1173 constabant,
1049 1138 1126 1164 nec
1158 1125 1354 1164 inuidiam
1379 1126 1566 1173 deorum,
1599 1138 1777 1176 quorum
1799 1123 1898 1164 illud

216 1208 245 1232 15
267 1197 421 1235 crimen
454 1202 554 1244 erat,
587 1195 701 1235 Sulla
732 1202 819 1235 tam
852 1195 962 1235 felix.
1015 1196 1090 1235 sed
1122 1196 1232 1235 istud
1265 1196 1370 1234 inter
1401 1209 1466 1235 res
1489 1197 1677 1235 nondum
1699 1196 1898 1235 iudicatas

266 1268 411 1315 abeat,
461 1267 591 1319 qualis
634 1266 747 1306 Sulla
794 1266 925 1306 fuerit.
989 1266 1114 1306 etiam
1163 1267 1311 1306 inimici
1354 1265 1593 1306 fatebuntur
1634 1266 1743 1306 bene
1784 1266 1897 1306 illum

266 1352 382 1378 arma
413 1339 648 1390 sumpsisse,
682 1338 791 1377 bene
822 1338 1030 1390 posuisse:
1068 1337 1149 1376 hoc
1181 1338 1235 1377 de
1267 1351 1351 1390 quo
1384 1338 1518 1389 agitur
1551 1337 1781 1385 constabit,
1813 1351 1897 1377 non

267 1423 357 1449 esse
390 1410 622 1449 maximum
657 1408 812 1448 malum
845 1409 961 1461 quod
993 1408 1119 1448 etiam
1153 1408 1205 1447 ad
1238 1407 1496 1448 felicissimos
1528 1409 1727 1461 peruenit.

387 1480 496 1519 XIII.
559 1480 624 1519 Ne
656 1480 775 1519 nimis
808 1479 1035 1518 admiretur
1068 1478 1243 1518 Graecia
1275 1478 1387 1518 illum
1420 1485 1601 1531 patrem,
1633 1479 1702 1532 qui
1734 1480 1773 1518 in
1805 1479 1897 1532 ipso
1925 1484 1943 1517 1

214 1562 247 1587 20
268 1550 466 1591 sacrificio
519 1551 707 1601 nuntiata
757 1550 825 1589 filii
874 1555 1011 1589 morte
1058 1549 1267 1589 tibicinem
1316 1555 1479 1590 tantum
1520 1555 1660 1589 tacere
1700 1550 1816 1589 iussit
1856 1555 1898 1589 et

267 1635 466 1661 coronam
501 1622 623 1675 capiti
655 1621 859 1669 detraxit,
902 1627 1041 1660 cetera
1071 1621 1146 1660 rite
1178 1621 1370 1674 perfecit,
1402 1620 1594 1661 Puluillus
1626 1621 1761 1661 effecit
1792 1634 1895 1674 pon-

266 1691 382 1740 tifex,
415 1693 477 1732 cui
509 1699 676 1745 postem
709 1693 865 1732 tenenti
899 1699 939 1731 et
972 1691 1223 1744 Capitolium
1257 1693 1465 1732 dedicanti
1488 1706 1601 1731 mors
1623 1691 1690 1731 filii
1712 1692 1899 1732 nuntiata

268 1770 341 1803 est.
403 1777 530 1817 quam
573 1763 637 1803 ille
680 1764 901 1803 exaudisse
944 1763 1215 1803 dissimulauit
1258 1769 1298 1803 et
1330 1763 1549 1814 sollemnia
1579 1762 1778 1815 pontificii
1810 1776 1895 1802 car-

269 1835 386 1874 minis
418 1835 548 1874 uerba
580 1835 771 1887 concepit
803 1835 962 1888 gemitu
996 1848 1079 1873 non
1112 1835 1439 1887 interrumpente
1471 1835 1757 1887 precationem
1780 1839 1822 1874 et
1843 1834 1897 1874 ad

214 1917 247 1943 25
267 1906 335 1945 filii
366 1906 425 1945 sui
458 1920 614 1946 nomen
646 1906 746 1945 Ioue
776 1906 1012 1958 propitiato.
1066 1912 1242 1958 putasne
1275 1907 1360 1945 eius
1393 1906 1526 1945 luctus
1558 1905 1738 1958 aliquem
1770 1904 1895 1945 finem
1923 1910 1943 1943 2

268 1992 358 2017 esse
407 1977 583 2025 debere,
633 1977 744 2016 cuius
786 1977 943 2029 primus
986 1977 1074 2016 dies
1117 1982 1158 2016 et
1200 1977 1356 2030 primus
1398 1977 1561 2031 inpetus
1604 1976 1658 2017 ab
1700 1976 1896 2016 altaribus

266 2048 438 2101 publicis
481 2055 522 2088 et
564 2048 697 2088 fausta
739 2049 1047 2100 nuncupatione
1085 2062 1169 2087 non
1202 2048 1380 2088 abduxit
1412 2051 1602 2101 patrem?
1646 2048 1795 2100 dignus
1828 2061 1897 2087 me

267 2119 454 2159 hercules
488 2119 559 2158 fuit
593 2118 854 2159 memorabili
887 2119 1162 2167 dedicatione,
1197 2120 1346 2171 dignus
1368 2119 1626 2172 amplissimo
1647 2119 1897 2166 sacerdotio,

276 2239 286 2269 l
318 2239 476 2268 immunes
597 2239 616 2270 ζ)
645 2238 824 2278 circuspiee
949 2239 967 2267 Σὲ
996 2241 1060 2267 lam
1089 2238 1238 2268 miseram
1269 2234 1452 2269 lilurelus:
1482 2237 1633 2268 miseram
1756 2235 1775 2267 (i
1803 2236 1896 2267 mali-

267 2296 374 2327 uolum
406 2294 537 2329 Gerlzt
567 2296 712 2327 maliuoli
740 2294 818 2331 cod,
846 2294 892 2339 esi
922 2294 966 2328 (Ιι1
992 2297 1047 2329 ira
1080 2299 1105 2337 l,
1132 2298 1179 2335 12,
1201 2297 1219 2327 (3
1248 2297 1503 2327 abominandum
1533 2296 1666 2327 remedii
1693 2306 1792 2336 genus

267 2395 287 2418 s
323 2363 480 2421 rid¹culun1
636 2391 790 2431 colligere
943 2390 979 2422 10
1014 2391 1051 2424 L,
1071 2391 1142 2421 silla
1292 2390 1330 2422 Γ.)
1366 2363 1464 2435 efficit
1609 2390 1691 2421 salso
1718 2387 1893 2429 Illurel‘us,

268 2453 436 2498 Madete'y:
467 2456 557 2485 saluo
702 2456 737 2487 1:;
766 2455 852 2485 male
878 2455 934 2485 illo
1080 2454 1112 2486 ti
1143 2455 1335 2485 constabant
1362 2452 1578 2488 Pincianus:
1612 2459 1759 2486 constant

267 2514 333 2545 illut
362 2515 385 2555 (t
412 2513 445 2546 in
474 2514 494 2544 (1
521 2516 630 2555 corr.)
766 2513 803 2545 123
831 2514 939 2545 sillan}
1076 2513 1111 2546 16
1138 2514 1219 2554 sylla
1342 2517 1424 2558 post
1450 2514 1573 2545 inimici
1599 2523 1734 2547 rasura
1760 2513 1795 2546 in
1821 2523 1893 2558 qua

263 2576 381 2617 potest
402 2572 520 2616 fuisse
546 2574 612 2604 cius
747 2573 783 2605 18
810 2573 851 2603 ad
879 2573 1084 2604 felicissimos
1110 2571 1326 2606 deteriores:
1356 2573 1399 2603 ad
1424 2573 1617 2604 sectissimos
1748 2572 1792 2606 20
1819 2573 1894 2604 tibi-

396 2636 489 2664 tantss

267 2680 371 2710 cinem
439 2684 604 2713 tacere.et
632 2682 756 2712 corona
782 2679 880 2719 cod„
917 2680 1003 2711 iussit
1030 2679 1063 2712 2'11
1092 2677 1331 2713 deterioribus
1356 2677 1440 2713 add.
1609 2679 1653 2713 ‘23
1680 2679 1892 2710 dissimulauit

267 2785 359 2808 απυδ
386 2774 625 2808 deteriorum:
655 2776 858 2806 dissimulare
979 2775 1137 2816 pontificii
1164 2774 1317 2805 carminis
1340 2772 1511 2818 Madm'q:
1541 2775 1675 2816 pontific
1702 2784 1720 2804 a
1746 2745 1892 2805 carminix

387 2840 429 2873 ⁴37*
460 2844 593 2881 putasne
620 2838 782 2884 Lefflsius:
814 2847 955 2881 putasses
1079 2841 1122 2872 2⁴3
1149 2840 1218 2870 dics
1244 2835 1288 2886 ⁰:³¹
1411 2841 1546 2880 impetus
