1977 3231
408 155 509 182 DIAL.
525 155 562 181 X.
602 156 655 181 AD
677 155 879 182 PAVLINVM
904 158 952 182 DE
975 157 1196 183 RREVl'l‘A'l'lc
1215 158 1344 183 vl'rAF..
1383 161 1408 185 ti.
1431 160 1455 185 ἶ.
1654 163 1736 200 227

123 252 350 291 audaciam.
413 265 506 291 sero
550 252 686 304 itaque
728 254 978 305 querebatur
1019 254 1148 293 nullas
1189 254 1265 294 sibi
1307 254 1426 293 ferias
1458 255 1683 306 contigisse
1715 268 1739 292 a

121 336 251 374 puero
293 322 512 361 seditiosus
555 329 595 362 et
639 324 728 362 foro
767 326 914 375 grauis.
949 325 1229 377 ‘disputatum
1275 339 1325 364 an
1368 326 1455 377 ipse
1487 326 1561 364 sibi
1595 338 1739 364 manus

121 392 315 432 attulerit.
378 393 516 432 subito
561 394 668 433 enim
711 394 880 434 uolnere
920 409 993 447 per
1025 396 1174 447 inguen
1207 402 1381 448 accepto
1414 396 1632 448 conlapsus
1665 402 1739 443 est,

121 462 258 516 aliquo
301 463 538 512 dubitante,
582 478 632 503 an
676 478 788 504 mors
831 467 916 505 eius
949 466 1179 505 uoluntaria
1211 472 1342 513 esset,
1384 466 1517 514 nullo,
1550 480 1601 505 an
1633 472 1737 505 tem-

75 541 94 572 εὶ
121 534 289 585 pestiua.
350 548 651 587 superuacuum
705 542 767 575 est
817 549 1150 575 commemorare
1198 537 1356 589 plures,
1408 537 1476 589 qui
1519 551 1612 576 cum
1656 536 1740 576 aliis
1761 550 1776 573 s,

77 1598 97 1630 10

122 604 335 644 felicissimi
368 606 615 654 uiderentur,
648 607 723 658 ipsi
756 607 795 645 in
827 619 872 645 se
894 620 1037 646 uerum
1060 607 1344 646 testimonium
1368 608 1578 655 dixerunt‚-
1606 607 1740 660 perosi

122 689 292 715 omnem
326 683 466 716 actum
499 690 703 716 annorum
736 690 917 716 suorum.
981 678 1055 716 sed
1095 676 1156 716 his
1188 678 1377 729 querellis
1409 692 1486 717 nec
1518 678 1620 717 alios
1652 692 1739 717 mu-

120 753 315 786 tauerunt
358 761 434 786 nec
476 761 520 786 se
561 747 684 799 ipsos,
747 761 842 786 nam
887 759 980 787 cum
1024 748 1152 787 uerba
1184 755 1427 799 eruperunt,
1470 748 1656 788 adfectus
1689 749 1741 787 ad

123 818 467 858 consuetudinem
510 817 761 858 relabuntur.
826 825 963 858 uestra
1005 832 1073 858 me
1114 818 1301 858 hercules
1345 820 1450 866 uita,
1493 819 1586 858 licet
1618 832 1743 871 supra

124 888 233 928 mille
277 902 407 928 annos
450 895 596 937 exeat,
639 890 677 928 in
720 890 970 928 artissimum
1011 889 1288 929 contrahetur.
1352 891 1428 929 ista
1461 891 1557 929 uitia
1587 890 1741 929 nullum

122 973 205 998 non
238 959 447 998 saeculum
481 959 765 999 deuorabunt:
802 961 882 999 1106
905 974 1003 999 uero
1027 961 1204 1012 spatium
1228 962 1355 1013 quod,
1387 962 1576 1013 quamuis
1598 967 1743 1000 natura

124 1039 276 1078 currat,
310 1031 413 1070 ratio
447 1030 611 1079 dilatat,
651 1031 733 1070 cito
767 1044 842 1070 uos
875 1019 1043 1083 effugiat
1076 1045 1246 1070 necesse
1278 1038 1351 1071 est.
1413 1045 1496 1074 non
1530 1032 1637 1070 enim
1671 1032 1741 1070 ad-

123 1101 321 1152 prenditis
353 1114 429 1139 nec
462 1101 642 1140 retinetis
674 1115 751 1140 nec
784 1101 1286 1141 uelocissimaeomnium
1320 1103 1375 1141 rei
1409 1111 1571 1141 moram
1605 1101 1743 1149 facitis,

123 1172 198 1210 sed
231 1172 343 1210 abire
378 1178 420 1210 ut
452 1185 540 1235 rem
573 1185 873 1224 superuacuam
907 1186 955 1211 ac
987 1173 1261 1224 reparabilem
1295 1173 1432 1212 sinitis.

245 1242 332 1281 VII.
386 1242 428 1280 In
464 1243 605 1294 primis
638 1249 779 1282 autem
812 1250 852 1282 et
885 1243 974 1282 illos
1008 1257 1193 1291 numero,
1225 1244 1293 1295 qui
1326 1243 1421 1282 nulli
1453 1244 1509 1282 rei
1541 1244 1615 1282 nisi
1648 1244 1743 1282 uino

124 1326 172 1352 ac
204 1312 358 1352 libidini
390 1320 554 1353 uacant.
596 1313 691 1353 nulli
724 1314 831 1353 enim
865 1315 1022 1367 turpius
1056 1316 1247 1367 occupati
1280 1321 1385 1353 sunt.
1429 1315 1552 1354 ceteri
1586 1314 1745 1354 etiamsi

125 1397 231 1422 uana
262 1384 419 1436 gloriae
452 1384 633 1436 imagine
655 1390 884 1433 teneantur,
917 1386 1104 1437 speciose
1126 1391 1270 1425 tamen
1291 1391 1438 1425 errant.
1483 1384 1575 1424 licet
1598 1399 1745 1425 austros

126 1455 244 1501 mihi,
292 1454 387 1494 licet
436 1455 655 1494 iracundos
698 1469 914 1495 enumeres
958 1455 1023 1495 uel
1065 1457 1161 1496 odia
1205 1463 1450 1496 exercentes
1492 1456 1639 1495 iniusta
1682 1454 1746 1494 uel

125 1524 260 1564 bella:
307 1539 454 1564 omnes
497 1528 561 1565 isti
604 1525 753 1565 uirilius
785 1533 983 1578 peccant:
1030 1527 1069 1565 in
1102 1533 1291 1566 uentrem
1325 1541 1373 1567 ac
1404 1527 1615 1566 libidinem
1648 1539 1742 1578 pro-

124 1596 325 1635 iectorum
374 1596 592 1636 inhonesta
639 1582 753 1636 labes
801 1603 874 1636 est.
943 1598 1083 1637 onmia
1131 1598 1303 1638 istorum
1346 1604 1539 1650 tempora
1581 1603 1742 1637 excute.

123 1667 292 1718 adspice
324 1667 520 1719 quamdiu
553 1673 791 1720 conputent,
826 1669 1022 1720 quamdiu
1055 1669 1305 1717 insidientur,
1338 1669 1535 1721 quamdiu
1558 1669 1744 1715 timeant,

123 1738 320 1789 quamdiu
353 1738 512 1785 colant,
553 1739 750 1791 quamdiu
784 1738 980 1786 colantur,
1014 1745 1213 1791 quantum
1247 1740 1485 1779 uadimonia
1516 1753 1589 1778 sua
1620 1746 1745 1791 atque

124 1808 255 1847 aliena
298 1815 523 1860 occupent,
566 1815 767 1860 quantum
811 1811 1020 1856 conuiuia,
1064 1823 1170 1861 quae
1212 1809 1291 1848 iam
1335 1810 1423 1860 ipsa
1455 1808 1589 1848 officia
1621 1815 1741 1848 sunt:

125 1878 304 1927 uidebis,
347 1880 710 1931 quemadmodum
753 1879 842 1919 illos
885 1880 1085 1931 respirare
1128 1893 1212 1918 non
1254 1881 1388 1919 sinant
1430 1879 1495 1918 uel
1534 1880 1642 1918 mala
1673 1893 1747 1918 sua

125 1949 188 1987 uel
232 1949 355 1988 bona.
420 1950 597 2002 denique
637 1950 740 1988 inter
773 1962 920 1988 omnes
952 1950 1146 1988 conuenit
1178 1948 1333 1988 nullam
1367 1962 1452 1988 rem
1487 1949 1594 1988 bene
1627 1962 1741 1988 exer-
1792 1972 1798 1986 ›

124 2020 203 2058 ceri
248 2033 372 2072 posse
415 2020 469 2059 ab
511 2021 679 2059 1101111116
712 2027 940 2072 occupato,
984 2034 1067 2059 non
1100 2020 1402 2071 eloquentiam,
1444 2033 1527 2058 non
1560 2019 1747 2058 liberales

124 2091 369 2142 disciplinas,
402 2092 572 2143 quando
604 2091 811 2131 districtus
843 2092 1003 2130 animus
1035 2091 1132 2130 nihil
1163 2090 1282 2130 altius
1315 2091 1468 2142 recipit,
1502 2092 1576 2129 sed
1610 2091 1748 2129 omnia

125 2230 144 2263 3
171 2242 228 2272 per
255 2232 370 2272 inguen
397 2229 474 2264 E'2:
509 2232 620 2271 pignos
647 2231 694 2274 (in
722 2236 810 2268 ras.)
955 2230 974 2264 ’ἲ
1013 2230 1132 2274 actum]
1168 2231 1215 2274 cs}
1242 2241 1321 2275 epp.
1350 2234 1405 2272 76,
1438 2232 1532 2264 19‘in
1560 2232 1648 2262 omni
1676 2235 1747 2262 actu

126 2290 230 2325 uitae3
268 2288 312 2323 de
337 2289 412 2323 w'la
440 2289 542 2323 beata
570 2291 624 2331 26!
652 2293 670 2322 4
704 2301 743 2321 116
778 2291 818 2320 ad
852 2291 1023 2331 opiniones
1057 2295 1176 2321 uestras
1212 2294 1317 2320 actum
1353 2290 1437 2320 uitae
1471 2300 1563 2321 meae
1587 2290 1747 2321 flecterem

258 2350 279 2381 ὅ
314 2350 444 2379 affectus
601 2348 636 2381 12
672 2353 775 2380 currat
802 2358 895 2381 meus
923 2346 1160 2382 deteriorum:
1190 2349 1285 2380 currit
1422 2349 1504 2380 ratio
1532 2347 1747 2383 deteriorum

121 2407 249 2452 pauci:
279 2409 366 2437 natio
536 2407 734 2448 adprenditis
767 2408 799 2448 (n
826 2407 861 2440 in
887 2407 975 2450 ras.)
1146 2406 1188 2439 213
1222 2418 1280 2438 nec
1306 2407 1532 2438 uelocissimae
1558 2406 1592 2440 E
1604 2409 1631 2439 ¹:
1661 2408 1748 2439 uelo-

125 2468 252 2498 cissime
427 2467 571 2497 omnium
612 2465 827 2500 deteriores:
863 2467 928 2499 ofin
1112 2466 1146 2499 1Ῐ
1192 2466 1317 2507 gloriae
1350 2466 1493 2507 imagine
1528 2464 1744 2500 deteriores:

126 2525 230 2566 gloria
258 2526 287 2556 in
315 2527 445 2566 magine
568 2524 608 2558 18
634 2526 734 2556 11116111
760 2527 833 2557 licet
861 2526 909 2566 (in
938 2535 1050 2569 mars).
1079 2536 1121 2557 m.
1149 2523 1209 2557 all.
1236 2525 1410 2555 iracundos
1435 2535 1618 2561 enumereS;
1643 2524 1747 2567 falsa

127 2587 257 2616 narrat
284 2582 443 2624 Fickert)
469 2584 503 2614 111
535 2582 582 2626 (ll.
610 2595 638 2618 e.
666 2585 730 2626 uel)
766 2585 843 2615 odia
869 2588 1052 2616 exercentes
1078 2585 1193 2614 iniusta
1220 2584 1269 2614 uel
1295 2583 1400 2625 bella,
1433 2583 1482 2616 ila
1510 2587 1545 2616 nt
1572 2582 1746 2617 Haasiwu

127 2642 321 2675 reclissz'me
346 2642 525 2676 iudicasse
551 2647 728 2686 appareat
856 2643 891 2676 11)
920 2644 949 2673 in
977 2648 1119 2674 uentrem
1142 2641 1364 2675 Gronovius:
1395 2643 1576 2673 inuenerem
1603 2641 1680 2675 cod.
1699 2640 1746 2684 cf.

129 2700 172 2734 de
191 2699 305 2744 benef.
327 2703 356 2739 Τ,
377 2702 407 2739 2,
428 2704 446 2733 2
472 2702 571 2732 uentri
591 2713 628 2732 ae
654 2702 781 2732 libidini
808 2702 954 2737 ‹le(litos;
984 2711 1064 2746 epp.
1085 2703 1139 2742 55,
1160 2703 1178 2732 5
1205 2701 1267 2731 sibi
1293 2712 1356 2731 non
1383 2701 1471 2740 uiuit,
1498 2701 1552 2731 sed
1648 2700 1747 2731 uentri

127 2770 242 2790 somno
263 2760 407 2795 libidini3
439 2757 520 2793 Seu.
540 2766 652 2795 contr,
673 2761 704 2801 2,
728 2762 754 2798 1,
778 2762 815 2792 11
838 2771 876 2791 ne
894 2761 971 2802 quid
997 2761 1097 2791 uentri
1124 2764 1255 2800 negetur
1280 2759 1471 2800 libidinique
1591 2758 1635 2792 ‘20
1659 2759 1748 2788 labes

129 2817 263 2862 Neap.:
286 2819 376 2848 tabes
489 2817 530 2850 21
551 2819 661 2859 aspice
773 2822 968 2860 computent.
1083 2818 1127 2850 25»
1155 2816 1265 2851 uerba
1292 2816 1336 2850 ab
1362 2817 1460 2851 initio
1486 2817 1614 2861 capitis
1639 2826 1749 2860 usque

129 2875 177 2909 ad
201 2877 337 2918 denique
363 2876 418 2909 laez'ae·
445 2875 561 2910 aliena
588 2887 664 2910 esse
690 2876 779 2910 uidi!
808 2876 913 2910 Gertz

1397 2935 1466 2967 15*

1766 903 1794 926 10

1768 1255 1796 1278 15

1763 1610 1796 1634 ‘20
