2008 3221
176 875 205 899 ¹0

147 1611 149 1613 ,
172 1586 204 1610 '20

227 136 311 173 254
440 130 546 157 DIAL.
568 130 621 156 XI.
663 129 715 154 AD
738 129 917 154 HELVIAM
940 128 1111 153 MATREM
1137 128 1187 153 DE
1209 127 1531 154 CONSOLATIONE.
1571 127 1596 154 7.
1618 129 1644 154 8.

221 226 308 266 fuit.
373 227 439 266 ille
481 226 591 266 unde
634 223 870 278 expulerat,
903 225 1056 264 eiectus
1095 230 1168 263 est.
1230 225 1286 263 ita
1318 224 1404 264 fato
1437 224 1589 276 placuit
1622 223 1768 262 nullius
1800 222 1855 262 rei

222 299 376 337 eodem
409 310 575 348 semper
606 295 700 335 loco
733 301 844 335 stare
876 293 1097 334 fortunam.
1809 347 1812 350 Δ

340 368 450 407 VIII.
493 367 713 406 Aduersus
756 366 888 418 ipsam
932 366 1308 405 commutationem
1341 365 1530 404 locorum
1564 365 1759 405 detractis
1792 378 1856 404 ce·
1888 372 1900 404 1

222 439 318 478 teris
351 438 651 485 incommodis,
697 451 802 489 quae
846 436 971 476 exilio
1004 436 1255 484 adhaerent,
1296 437 1393 475 satis
1425 436 1507 476 hoc
1539 436 1711 475 remedii
1742 442 1860 488 putat

224 509 370 556 Varro,
404 509 668 548 doctissimus
697 508 1001 555 Romanorum,
1033 508 1148 560 quod
1180 520 1447 559 quocumque
1479 508 1679 555 uenimus,
1711 507 1860 545 eadem

222 593 358 619 rerum
393 586 538 619 natura
570 580 771 618 utendum
806 584 879 618 est.
942 578 998 619 M.
1031 578 1183 617 Brutus
1216 578 1313 617 satis
1346 578 1428 617 hoc
1459 583 1588 630 putat,
1621 579 1735 630 quod
1767 577 1861 618 licet

223 651 261 689 in
301 650 471 690 exilium
505 650 697 689 euntibus
730 649 902 689 uirtutes
944 663 1039 689 suas
1081 662 1223 688 secum
1268 648 1382 688 ferre.
1446 648 1548 688 haec
1580 649 1741 688 etiamsi
1773 649 1862 701 quis
1889 655 1908 686 ἱ.)

223 721 383 773 singula
424 734 571 773 parum
613 721 766 760 iudicat
809 720 991 760 efficacia
1033 720 1084 759 ad
1119 719 1422 759 consolandum
1456 719 1645 767 exulem,
1690 725 1862 771 utraque

224 803 260 841 jn
306 805 430 831 unum
474 791 636 831 conlata
679 791 875 831 fatebitur
915 791 1137 844 plurimum
1172 805 1307 843 posse.
1372 791 1615 843 quantulum
1649 791 1756 830 enim
1790 797 1864 838 est,

227 864 342 915 quod
375 863 617 915 perdimus?
661 864 745 902 duo
779 877 886 915 quae
919 862 1196 915 pulcherrima
1229 869 1334 910 sunt,
1367 876 1633 914 quocumque
1665 876 1740 901 nos
1775 876 1860 901 mo-

224 936 414 982 uerimuS,
447 941 691 986 sequentur:
739 939 886 973 natura
920 934 1153 973 communis
1186 939 1227 972 et
1259 933 1427 985 propria
1459 934 1596 972 uirtus,
1650 932 1690 972 id
1723 941 1864 974 actum
1892 942 1911 973 3

224 1011 308 1051 est,
352 1004 450 1043 mihi
483 1006 628 1052 crede,
672 1005 725 1044 ab
759 1004 844 1053 illo,
888 1005 1068 1058 quisquis
1101 1003 1307 1043 formator
1339 1005 1515 1042 uniuersi
1548 1004 1643 1052 fuit,
1682 1005 1768 1045 siue
1800 1005 1866 1045 ille

224 1077 326 1115 deus
360 1082 421 1115 est
455 1082 606 1129 potens
639 1076 839 1124 omnium,
872 1076 957 1115 siue
990 1074 1258 1128 incorporalis
1291 1077 1396 1114 ratio
1428 1075 1657 1127 ingentium
1691 1089 1865 1129 operum

224 1146 387 1194 artifex,
421 1146 507 1186 siue
541 1147 701 1186 diuinus
733 1148 897 1199 spiritus
930 1160 1005 1199 pel·
1037 1146 1177 1185 omnia
1209 1146 1396 1185 maxima
1427 1159 1475 1185 ac
1508 1146 1678 1185 minima
1706 1146 1867 1199 aequali

189 1231 203 1253 5
225 1218 451 1257 intentione
485 1217 667 1263 diffusus,
700 1219 787 1257 siue
820 1217 951 1257 fatum
985 1224 1027 1258 et
1059 1217 1309 1256 inmutabilis
1342 1230 1558 1256 causarum
1593 1217 1697 1257 inter
1729 1232 1773 1257 se
1797 1231 1864 1257 co-

224 1289 484 1329 haerentium
518 1290 667 1328 series:
715 1290 767 1337 id,
800 1289 979 1341 inquam,
1013 1294 1153 1328 actum
1188 1294 1260 1347 est,
1296 1294 1337 1327 ut
1371 1289 1408 1326 in
1442 1288 1619 1327 alienum
1653 1288 1867 1328 arbitrium

225 1361 299 1400 nisi
342 1359 535 1399 uilissima
577 1372 767 1412 quaeque
810 1374 895 1399 non
938 1361 1146 1399 caderent.
1215 1360 1418 1412 quidquid
1461 1360 1668 1411 optimum
1711 1359 1868 1399 homini
1894 1370 1910 1403 4'

226 1438 301 1480 est,
335 1432 376 1470 id
409 1438 530 1471 extra
562 1430 790 1470 humanam
824 1431 1057 1483 potentiam
1091 1431 1214 1478 iacet,
1247 1444 1323 1469 nec
1356 1431 1443 1469 dari
1476 1443 1552 1469 nec
1585 1430 1683 1482 eripi
1716 1436 1868 1483 potest,

227 1503 406 1542 mundus
449 1502 535 1550 hic,
579 1515 663 1554 quo
707 1501 802 1541 nihil
837 1515 971 1554 neque
1005 1501 1136 1541 maius
1170 1515 1305 1554 neque
1339 1501 1522 1540 ornatius
1556 1515 1691 1540 rerum
1724 1508 1870 1541 natura

225 1574 368 1625 genuit
401 1579 442 1612 et
474 1573 635 1612 animus
669 1573 980 1626 contemplator
1002 1573 1314 1625 admiratorque
1349 1572 1503 1620 mundi,
1536 1585 1631 1625 pars
1665 1573 1749 1611 eius
1782 1586 1867 1611 ma-

225 1644 574 1696 gnificentissima,
608 1644 775 1697 propria
808 1644 929 1683 nobis
963 1650 1003 1683 et
1036 1650 1239 1696 perpetua
1262 1649 1302 1683 et
1325 1644 1484 1682 tamdiu
1508 1644 1727 1683 nobiscum
1752 1657 1866 1682 man-

225 1729 319 1755 sura
352 1722 458 1764 sunt,
492 1716 691 1767 quamdiu
725 1716 799 1767 ipsi
832 1715 1106 1754 manebimus.
1161 1714 1317 1754 alacres
1351 1715 1490 1766 itaque
1523 1720 1563 1753 et
1597 1714 1733 1762 erecti,
1766 1727 1868 1766 quo·
1896 1725 1915 1757 ῑ)

225 1800 403 1838 cumque
437 1800 500 1826 res
533 1786 681 1834 tulerit,
715 1785 920 1838 intrepido
954 1787 1087 1838 gradu
1120 1799 1405 1838 properemus.
1470 1785 1716 1824 emetiamur
1748 1798 1867 1837 quas-

225 1872 404 1910 cumque
437 1864 588 1897 terras:
636 1857 793 1896 nullum
828 1858 997 1896 inueniri
1026 1856 1194 1900 exilium
1218 1858 1323 1896 intra
1346 1857 1549 1895 mundum
1573 1862 1727 1908 potest,
1761 1855 1874 1908 quod

193 1928 404 1968 salienum
449 1929 609 1968 homini
651 1929 712 1967 sit.
787 1929 1079 1980 undecumque
1122 1942 1176 1967 ex
1220 1941 1355 1979 aequo
1399 1928 1451 1966 ad
1495 1927 1656 1966 caelum
1701 1926 1869 1979 erigitur

227 2000 343 2047 acies,
378 2000 545 2051 paribus
578 1998 800 2039 interuallis
834 1999 974 2038 omnia
1007 1998 1145 2038 diuina
1176 1998 1229 2038 ab
1263 1998 1456 2037 omnibus
1489 1998 1679 2037 humanis
1701 1997 1866 2037 distant.

227 2071 402 2124 proinde
443 2073 543 2110 dum
587 2070 694 2110 oculi
728 2070 808 2110 mei
841 2071 894 2109 ab
928 2069 996 2109 illo
1029 2069 1288 2123 spectaculo,
1331 2070 1442 2109 cuius
1478 2068 1728 2108 insatiabiles
1760 2074 1865 2117 sunt,
1893 2080 1912 2113 υ

227 2156 310 2181 non
355 2141 636 2189 abducantur,
680 2142 778 2181 dum
824 2140 922 2180 mihi
965 2141 1097 2180 solem
1142 2141 1365 2193 lunamque
1404 2141 1547 2180 intueri
1581 2140 1721 2188 liceat,
1765 2139 1865 2179 dum

230 2213 376 2252 ceteris
420 2213 633 2252 inhaerere
665 2213 888 2260 sideribus,
933 2213 1031 2251 dum
1078 2218 1193 2252 ortus
1235 2225 1380 2251 eorum
1426 2224 1680 2264 occasusque
1724 2216 1765 2250 et
1807 2211 1863 2249 in-

230 2460 246 2492 ,ἰ
284 2461 379 2492 exilio
412 2459 570 2494 T(11·212'.s·.:
602 2473 637 2492 cx
666 2461 721 2491 illo
843 2460 862 2491 ἶ)
896 2443 1018 2502 qocslq}
1170 2458 1211 2492 lO
1247 2460 1409 2501 perdimus
1436 2456 1560 2492 Koch:
1595 2458 1732 2499 [alidum

229 2526 351 2584 ‹loct—lm
526 2543 566 2575 14
601 2528 912 2575 mammaacmmima
939 2543 1042 2584 equali
1217 2541 1258 2575 15
1294 2546 1322 2573 et
1350 2542 1559 2572 immutabilis
1586 2540 1803 2574 deteriores:
1833 2545 1862 2570 et

230 2626 394 2656 mutabilis
574 2626 611 2658 13⁷³
648 2627 746 2657 nichil
783 2635 891 2667 neq;-x-
1085 2609 1225 2655 ornatiu⁵
1254 2625 1280 2664 (s
1306 2634 1349 2656 m.
1371 2633 1430 2668 pr.
1459 2626 1495 2656 ul
1522 2621 1679 2664 usdelur)

230 2685 274 2717 20
308 2690 337 2716 et
365 2686 490 2715 animus
519 2683 646 2718 Gertz:
678 2687 802 2716 animus
932 2683 975 2717 ⁴23
1012 2685 1202 2716 emetiamur
1229 2684 1346 2724 (iamur
1373 2682 1406 2715 in
1434 2686 1521 2721 ras.)
1652 2681 1692 2714 24
1731 2682 1859 2712 exilium

233 2743 372 2777 Haase:
403 2749 430 2775 ct
459 2744 517 2776 illl—1
640 2749 743 2785 potest
769 2745 854 2785 quod
883 2744 1021 2774 alienum
1048 2744 1172 2773 homini
1200 2743 1238 2773 sit
1266 2740 1363 2775 [ὠνὴ
1392 2751 1469 2774 cum.
1496 2739 1653 2774 Erasmo
1680 2745 1713 2774 et
1741 2738 1861 2784 lipsio

230 2808 348 2844 (potest
382 2803 520 2834 alienum
557 2804 682 2834 homini
711 2802 835 2837 Haase
871 2808 995 2844 potest;
1033 2803 1151 2833 nullum
1188 2803 1271 2832 enini
1300 2802 1402 2832 solum
1431 2802 1512 2831 intra
1539 2800 1692 2831 mundum
1721 2799 1859 2830 alienum

229 2863 353 2893 homini
382 2867 426 2893 est
458 2860 638 2907 Madm'gsl:
670 2866 713 2893 est
742 2863 879 2893 alienum
908 2863 1033 2893 homini
1061 2867 1103 2892 est
1224 2861 1276 2893 -29
1314 2861 1435 2901 inere-’re
