2008 3221
223 130 306 169 262
417 124 520 151 DIAL.
543 123 596 150 XI.
636 123 689 148 AD
712 122 891 148 HELVIAM
914 121 1087 147 MATREM
1108 122 1161 147 DE
1181 121 1502 178 PONSOLATIONE.
1545 123 1586 149 12.
1609 123 1650 148 13.

222 224 365 263 dotem
410 225 681 273 acceperunt,
724 220 819 271 quia
861 218 957 258 nihil
1000 218 1074 258 illis
1116 218 1337 270 reliquerat
1377 225 1507 271 pater.
1570 232 1748 271 aequum
1781 232 1849 258 me

221 292 407 332 hercules
441 297 527 330 erat
560 290 761 343 populum
786 290 1027 328 Romanum
1062 289 1263 329 tributum
1287 288 1469 341 Scipioni
1499 289 1629 329 semel
1651 289 1849 338 conferre,

220 377 314 403 eum
357 376 381 401 a
424 361 676 413 Carthagine
719 374 887 412 semper
929 360 1129 411 exigeret.
1202 373 1227 399 0
1272 359 1408 399 felices
1453 361 1562 399 uiros
1608 359 1849 416 puellarum,

219 434 368 486 quibus
400 432 578 485 populus
610 432 828 471 Romanus
861 431 954 470 loco
987 431 1120 470 soceri
1152 429 1249 469 fuit!
1298 431 1560 470 beatioresne
1592 431 1694 470 istos
1716 437 1850 483 putas,

185 517 199 539 ῑ)
220 517 396 556 quorum
446 502 732 555 pantomimae
776 503 914 541 decies
956 502 1148 541 sestertio
1192 501 1373 549 nubunt,
1426 515 1551 553 quam
1598 500 1849 553 Scipionem,

171 870 198 893 Ην

172 1223 201 1247 15

168 1578 183 1602 2
187 1578 201 1601 0

171 2286 204 2307 25«)

220 576 331 614 cuius
364 574 479 613 liberi
511 588 535 613 a
567 579 724 621 senatu,
767 579 906 612 tutore
938 586 1025 619 suo,
1060 573 1097 611 in
1132 574 1276 612 dotem
1310 584 1380 612 aes
1413 586 1541 624 graue
1573 575 1848 625 acceperunt?

221 647 470 697 dedignatur
511 645 655 697 aliquis
699 650 1013 697 paupertatem,
1058 644 1170 683 cuius
1209 650 1294 683 tam
1330 643 1463 683 clarae
1497 644 1696 695 imagines
1728 645 1849 683 sunt?
1876 650 1896 684 7

219 718 456 769 indignatur
501 715 598 755 exul
640 715 794 768 aliquid
837 715 911 754 sibi
956 716 1126 762 deesse,
1181 728 1276 753 cum
1319 713 1494 753 defuerit
1537 712 1717 766 Scipioni
1761 715 1850 762 dos,

220 788 386 840 Regulo
430 786 756 833 mercennarius,
811 785 1006 824 Menenio
1051 784 1191 833 funus,
1244 799 1338 824 cum
1382 785 1576 824 omnibus
1619 784 1692 824 illis
1736 786 1850 836 quod

220 861 375 907 deerat,
409 859 503 897 ideo
537 857 753 896 honestius
785 855 1024 908 suppletum
1059 857 1120 904 sit,
1154 858 1250 908 quia
1283 855 1497 896 defuerat?
1549 856 1609 895 his
1643 869 1745 907 ergo
1777 857 1848 895 ad-

221 931 378 970 uocatis
411 943 494 968 non
527 934 690 967 tantum
724 933 814 967 tuta
847 934 920 975 est,
953 928 1027 966 sed
1063 928 1187 966 etiam
1221 928 1406 979 gratiosa
1437 934 1672 980 paupertas.

339 1000 448 1040 XIlI.
512 998 774 1051 Responderi
817 1004 982 1050 potest:
1031 999 1129 1050 quid
1173 997 1392 1037 artificiose
1425 998 1502 1037 ista
1533 999 1711 1046 diducis,
1744 1012 1851 1051 quae

221 1071 382 1123 singula
424 1070 613 1109 sustineri
651 1057 1058 1121 possuntsconlata
1090 1083 1174 1107 non
1208 1071 1411 1121 possunt?
1465 1069 1740 1108 commutatio
1773 1068 1852 1108 loci

222 1142 450 1183 tolerabilis
488 1147 572 1189 est,
615 1141 644 1179 si
687 1131 849 1180 tantum
884 1140 1021 1179 locum
1056 1147 1202 1179 mutes.
1266 1147 1488 1192 paupertas
1521 1139 1745 1179 tolerabilis
1778 1146 1851 1188 est,

222 1215 254 1253 si
287 1213 512 1265 ignominia
544 1212 669 1259 absit,
702 1225 809 1263 quae
842 1211 906 1250 uel
939 1210 1028 1250 sola
1060 1211 1296 1263 opprimere
1329 1211 1490 1250 animos
1523 1210 1641 1250 solet.
1704 1212 1849 1250 aduer-

223 1299 291 1324 sus
323 1285 432 1324 hunc
465 1283 646 1335 quisquis
680 1296 747 1321 me
781 1282 986 1322 malorum
1020 1282 1142 1322 turba
1174 1282 1356 1330 terrebit,
1389 1282 1450 1321 his
1483 1282 1618 1322 uerbis
1651 1283 1853 1322 utendum

223 1356 324 1395 erit:
371 1355 402 1394 si
447 1361 593 1393 contra
637 1353 996 1405 unamquamlibet
1039 1359 1201 1406 partem
1234 1353 1423 1392 fortunae
1455 1353 1554 1392 satis
1586 1353 1660 1392 tibi
1692 1353 1854 1392 roboris

223 1433 296 1474 est,
331 1427 441 1465 idem
476 1426 676 1464 aduersus
708 1425 843 1463 omnis
877 1425 961 1464 erit.
1025 1438 1120 1463 cum
1153 1424 1289 1464 semel
1315 1425 1497 1463 animum
1531 1424 1659 1464 uirtus
1691 1425 1852 1471 indura-

222 1499 290 1545 uit,
324 1497 506 1548 undique
538 1496 881 1536 inuolnerabilem
914 1502 1124 1548 praestat:
1167 1496 1199 1535 si
1231 1496 1400 1534 auaritia
1432 1496 1595 1543 dimisit,
1629 1494 1852 1534 uehemen-

222 1569 380 1608 tissima
413 1567 575 1619 generis
607 1567 778 1606 humani
810 1568 959 1619 pestis,
1000 1580 1163 1606 moram
1196 1566 1269 1606 tibi
1303 1566 1478 1606 ambitio
1511 1579 1595 1605 non
1627 1565 1767 1606 faciet..
1822 1566 1854 1605 si

222 1640 408 1679 ultimum
454 1640 563 1678 diem
607 1652 691 1677 non
736 1639 853 1690 quasi
895 1652 1099 1690 poenam,
1141 1639 1216 1677 sed
1259 1638 1375 1689 quasi
1406 1643 1578 1676 naturae
1610 1636 1749 1689 legem
1782 1637 1853 1676 ad—

222 1711 368 1763 spicis,
412 1724 465 1749 ex
508 1723 592 1762 quo
636 1715 807 1761 pectore
853 1715 1010 1748 metum
1056 1709 1201 1748 mortis
1245 1709 1431 1757 eieceris,
1474 1709 1513 1747 in
1547 1708 1588 1748 id
1620 1707 1766 1747 nullius
1797 1708 1855 1746 rei

223 1783 348 1821 timor
390 1781 559 1820 audebit
602 1781 764 1820 intrare.
828 1781 859 1819 si
903 1781 1062 1832 cogitas
1105 1780 1317 1819 libidinem
1357 1793 1441 1818 non
1475 1778 1700 1831 uoluptatis
1733 1791 1854 1818 causa

222 1852 379 1892 homini
413 1853 577 1899 datam,
620 1852 695 1890 sed
728 1851 989 1903 propagandi
1024 1852 1207 1904 generis,
1250 1864 1375 1902 quem
1410 1863 1492 1888 non
1527 1849 1741 1889 uiolauerit
1773 1848 1855 1888 hoc

190 1933 202 1956 ·›
223 1929 429 1962 secretum
465 1928 506 1961 et
540 1922 712 1961 infixum
748 1922 971 1961 uisceribus
1005 1923 1101 1974 ipsis
1134 1922 1329 1968 exitium,
1372 1921 1509 1960 omnis
1542 1920 1620 1959 alia
1652 1920 1855 1972 cupiditas

223 1995 422 2033 intactum
467 1993 718 2045 praeteribit.
783 2007 865 2031 non
909 1993 1067 2044 singula
1111 1994 1208 2032 uitia
1249 1993 1376 2039 ratio,
1418 1991 1491 2031 sed
1531 1992 1683 2043 pariter
1715 1991 1856 2030 omnia

223 2065 471 2117 prosternit:
510 2065 549 2103 in
583 2065 818 2103 uniuersum
852 2064 981 2103 semel
1015 2065 1200 2103 uincitur.
1245 2063 1471 2115 ignominia
1499 2068 1543 2101 tu
1565 2068 1686 2114 putas
1709 2075 1853 2114 quem-

223 2149 349 2187 quam
383 2136 613 2187 sapientem
649 2136 806 2174 moueri
840 2149 986 2188 posse,
1031 2136 1097 2186 qui
1131 2135 1272 2173 onmia
1304 2135 1343 2173 in
1376 2148 1420 2172 se
1454 2133 1659 2186 reposuit,
1702 2133 1770 2185 qui
1803 2132 1856 2172 ab

225 2206 488 2259 opinionibus
535 2206 646 2257 uolgi
690 2207 886 2245 secessit?
940 2206 1032 2258 plus
1071 2206 1195 2245 etiam
1230 2218 1354 2257 quam
1389 2204 1616 2256 ignominia
1647 2210 1711 2243 est
1743 2217 1857 2243 mors

224 2277 524 2329 ignominiosa:
583 2277 781 2317 Socrates
834 2283 975 2317 tamen
1029 2277 1180 2315 eodem
1235 2276 1302 2314 illo
1356 2274 1494 2323 uoltu,
1552 2288 1637 2327 quo
1689 2275 1857 2325 triginta

225 2355 427 2399 tyrannos
460 2347 572 2386 solus
606 2347 830 2399 aliquando
864 2349 903 2386 in
936 2348 1125 2387 ordinem
1161 2348 1403 2397 redegerat,
1447 2359 1657 2385 carcerem
1689 2345 1855 2384 intrauit

225 2418 496 2470 ignominiam
527 2419 623 2471 'ipsi
676 2418 770 2458 loco
824 2420 1096 2458 detracturus.
1160 2432 1295 2470 neque
1348 2417 1457 2457 enim
1508 2421 1675 2468 poterat
1717 2430 1856 2456 carcer

230 2582 239 2614 1
282 2593 416 2623 aequum
445 2583 628 2613 mehercule
654 2581 714 2615 uel
738 2582 936 2615 mehercules
963 2581 1179 2616 deleriores:
1210 2584 1292 2623 equfi
1317 2581 1461 2612 hercules
1583 2582 1602 2614 2
1631 2582 1735 2614 .P.R.

316 2648 331 2663 n
690 2639 773 2665 liberi

226 2676 246 2707 ἵ)
281 2677 459 2717 ρῑιῐοτηίιης
582 2677 601 2709 (3
637 2678 724 2708 euius
751 2682 882 2708 asenam
1028 2676 1047 2710 7
1083 2678 1202 2708 clara->e
1355 2678 1375 2708 ὅ
1411 2676 1496 2706 exsul
1650 2676 1669 2705 §l
1710 2675 1857 2716 regulo-n

353 2735 388 2767 13
416 2737 594 2766 comutalio
690 2775 696 2780 .
723 2736 877 2776 lsrabest
907 2734 1012 2769 Cart:
1137 2737 1174 2769 ¹31
1215 2738 1299 2777 pena
1421 2734 1538 2775 aspicis
1659 2732 1703 2766 “22
1738 2737 1855 2765 metum

226 2795 338 2825 mortis
373 2793 451 2827 cod.
480 2796 590 2826 mortis
618 2800 736 2826 metum
766 2794 938 2828 ede'le'oues
965 2795 1152 2839 (mliqelae,
1188 2798 1307 2826 melum
1335 2780 1482 2827 l'i'clcerl
1509 2797 1541 2826 el
1569 2791 1691 2826 Haase

228 2854 263 2885 {il
303 2854 445 2884 tirannos

1881 1004 1895 1036 1

1879 1217 1898 1236 “)

1879 1241 1895 1249 ι,
