2008 3221
251 134 330 174 10ss
771 127 874 155 DIAL.
896 127 930 154 V.
970 127 1023 153 DE
1043 127 1110 153 IRA
1132 127 1203 154 Llss.
1226 127 1277 153 ΠΙ.
1318 128 1361 154 23.

247 236 308 277 et,
361 235 419 277 te,
462 228 613 279 inquit,
667 227 934 278 suspendere.
1016 225 1248 277 indignatio
1293 226 1648 265 circumstantium
1692 225 1745 264 ad
1788 231 1875 264 tam
1903 230 1922 263 3

246 300 515 339 inhumanum
561 311 808 350 responsum
853 303 1005 337 exorta
1043 302 1142 336 erat.
1205 309 1311 348 quos
1343 295 1555 348 Philippus
1595 297 1877 335 conticescere

247 372 363 411 iussit
397 376 440 409 et
462 369 700 408 Thersitam
733 368 845 408 illum
878 367 1038 408 saluum
1071 366 1410 419 incolumemque
1441 368 1662 407 dimittere.
1716 373 1759 406 at
1790 379 1878 414 uos,

248 443 390 493 inquit,
425 442 549 480 ceteri
582 440 721 492 legati,
754 441 941 479 nuntiate
973 438 1305 479 Atheniensibus
1335 438 1466 478 multo
1489 437 1753 490 superbiores
1775 450 1879 484 esse,

213 526 226 547 .-.
248 514 316 564 qui
359 514 438 551 ista
480 512 622 551 dicunt
664 525 790 564 quam
834 513 901 563 qui
944 513 1096 563 inpune
1138 511 1251 566 dicta
1282 509 1465 549 audiunt.
1526 509 1657 549 multa
1688 515 1730 549 et
1762 508 1879 548 diuus
1905 510 1922 544 4

202 878 230 901 Η)

205 1590 239 1615 20

248 583 467 635 Augustus
500 583 627 635 digna
660 584 866 622 memoria
897 581 994 622 fecit
1027 582 1228 633 dixitque,
1273 595 1328 620 ex
1361 581 1510 633 quibus
1543 587 1743 633 appareat
1775 581 1878 619 iram

248 653 300 693 illi
343 667 425 693 non
464 655 702 705 imperasse.
767 653 1021 706 Timagenes
1053 652 1321 692 historiarum
1365 653 1546 704 scriptor
1588 653 1797 704 quaedam
1840 652 1879 690 in

249 727 397 776 ipsum,
430 726 638 777 quaedam
673 726 711 764 in
745 738 924 764 uxorem
958 726 1045 764 eius
1077 731 1120 764 et
1152 726 1192 763 in
1227 729 1364 763 totam
1398 724 1573 762 domum
1607 723 1773 762 dixerat
1805 735 1882 761 nec

250 796 491 847 perdiderat
534 797 654 835 dicta.
729 797 862 848 magis
905 797 1016 835 enim
1060 793 1345 834 circumfertur
1387 800 1429 834 et
1471 796 1511 833 in
1555 807 1627 833 ore
1662 793 1881 832 hominum

252 873 315 906 est
356 868 578 906 temeraria
621 867 845 906 urbanitas.
908 879 1034 918 saepe
1066 865 1179 906 illum
1214 865 1368 906 Caesar
1401 866 1581 913 monuit,
1625 865 1882 904 moderatius
1910 871 1929 904 5

251 938 392 990 lingua
424 944 634 977 uteretur:
683 939 966 990 perseueranti
999 937 1130 977 domo
1164 951 1238 976 sua
1269 937 1497 976 interdixit.
1559 942 1711 988 postea
1742 935 1882 975 Tima-

252 1022 381 1061 genes
422 1011 463 1049 in
506 1008 783 1049 contubernio
826 1009 1024 1049 Pollionis
1068 1008 1189 1048 Asini
1233 1010 1451 1048 consenuit
1493 1021 1542 1047 ae
1582 1014 1676 1048 tota
1718 1008 1886 1046 ciuitate

255 1082 441 1132 direptus
473 1087 549 1121 est.
611 1080 768 1119 nullum
801 1079 852 1120 illi
886 1080 1012 1120 limen
1044 1079 1262 1132 praeclusa
1294 1079 1483 1119 Caesaris
1519 1080 1671 1119 domus
1705 1077 1885 1130 apstulit.

254 1152 448 1192 historias
490 1165 592 1204 quas
634 1158 785 1204 postea
817 1153 1051 1204 scripserat,
1095 1153 1282 1191 recitauit
1324 1157 1379 1203 [et
1413 1147 1643 1205 conbussit]
1684 1156 1725 1190 et
1758 1149 1886 1189 libros
1914 1154 1933 1187 (3

220 1231 349 1272 sacta
395 1222 583 1262 Caesaris
616 1222 799 1275 Augusti
842 1224 1094 1263 continentis
1133 1224 1173 1262 in
1216 1224 1357 1274 ignem
1399 1223 1593 1274 inposuit.
1655 1221 1887 1260 inimicitias

255 1296 384 1347 gessit
428 1307 521 1334 cum
557 1292 761 1334 Caesare:
819 1307 945 1333 nemo
989 1295 1215 1334 amicitiam
1248 1295 1334 1333 eius
1368 1295 1580 1340 extimuit,
1613 1305 1739 1332 nemo
1771 1291 1889 1344 quasi

255 1365 495 1418 fulguritum
551 1364 713 1417 refugit.
785 1364 859 1405 fuit
902 1367 969 1417 qui
1013 1364 1235 1417 praeberet
1277 1371 1365 1404 tam
1409 1363 1492 1403 alte
1534 1363 1699 1403 cadenti
1742 1364 1888 1402 sinum.

256 1436 350 1477 tulit
382 1437 481 1485 hoc,
525 1443 569 1476 ut
602 1437 706 1484 dixi,
752 1435 906 1476 Caesar
948 1438 1173 1488 patienter,
1217 1449 1269 1474 ne
1302 1449 1352 1474 eo
1386 1436 1556 1487 quidem
1589 1441 1743 1482 motus,
1775 1433 1889 1486 quod
1917 1435 1936 1470 7

256 1507 448 1548 laudibus
496 1509 578 1547 suis
631 1507 838 1559 rebusque
877 1508 1005 1559 gestis
1045 1520 1192 1546 manus
1231 1505 1453 1546 adtulerat.
1524 1518 1753 1558 numquam
1796 1517 1890 1544 cum

258 1579 426 1631 hospite
474 1580 624 1618 inimici
667 1580 727 1617 sui
772 1585 942 1630 questus
985 1585 1060 1618 est.
1133 1578 1215 1617 hoc
1258 1578 1483 1617 dumtaxat
1526 1576 1699 1616 Pollioni
1742 1575 1892 1615 Asinio

259 1651 390 1690 dixit:
453 1650 783 1702 θηριοτροφεῖς.
862 1651 1024 1701 paranti
1073 1650 1226 1689 deinde
1270 1650 1586 1688 excusationem
1630 1649 1795 1700 opstitit
1838 1653 1892 1694 et,
1918 1652 1939 1679 δ’

260 1721 413 1769 fruere,
468 1722 619 1774 inquit,
673 1722 727 1760 mi
780 1720 934 1768 Pollio,
987 1720 1129 1760 fruere.
1203 1727 1246 1760 et
1298 1734 1392 1760 cum
1446 1718 1578 1759 Pollio
1632 1720 1810 1767 diceret,
1862 1719 1894 1757 si

261 1793 396 1840 iubes,
442 1791 611 1839 Caesar,
658 1794 800 1832 statim
843 1792 896 1832 illi
930 1793 1062 1832 domo
1096 1805 1190 1831 mea
1222 1792 1488 1839 interdicam,
1532 1791 1613 1830 hoc
1647 1804 1725 1838 me,
1764 1791 1894 1842 inquit

261 1870 383 1916 putas
417 1863 632 1910 facturum,
666 1876 759 1902 cum
794 1876 875 1915 ego
909 1877 984 1902 uos
1017 1865 1058 1902 in
1092 1865 1270 1915 gratiam
1305 1863 1568 1902 reduxerim?
1612 1861 1745 1901 fuerat
1784 1863 1893 1901 enim

237 1935 484 1987 »aliquando
514 1933 734 1986 Timageni
768 1933 900 1974 Pollio
933 1936 1061 1974 iratus
1093 1948 1170 1973 nec
1203 1934 1327 1973 ullam
1351 1933 1473 1973 aliam
1498 1933 1702 1973 habuerat
1726 1946 1893 1972 causam

264 2006 493 2053 desinendi,
525 2019 650 2057 quam
684 2006 799 2057 quod
834 2005 988 2045 Caesar
1020 2013 1230 2057 coeperat.

691 2139 700 2158 t

267 2184 285 2212 :z
313 2182 406 2214 salul'l
436 2182 534 2224 (ras.)
667 2170 710 2213 ad
846 2180 865 2214 7
894 2183 1057 2223 Imagines
1082 2180 1138 2215 hic
1165 2185 1197 2215 el
1224 2192 1256 2214 u.
1288 2165 1322 2214 ll
1354 2180 1421 2215 sed
1444 2192 1478 2217 u.
1508 2183 1548 2214 25
1578 2182 1731 2223 timageni

267 2240 286 2271 ἵ)
315 2242 343 2271 in
372 2252 427 2272 ore
454 2242 548 2285 (post
576 2242 605 2271 in
633 2250 707 2273 ras.
732 2240 804 2283 fw'l
832 2240 865 2282 n)
1008 2240 1049 2273 10
1076 2252 1166 2272 cesar
1308 2241 1340 2273 ll
1374 2242 1473 2271 domu
1613 2239 1653 2273 ’13
1681 2241 1823 2282 direptus
1849 2244 1894 2270 est

269 2298 312 2333 de
339 2298 408 2333 hac
435 2310 523 2333 uoce
549 2299 596 2343 esi
627 2298 706 2333 Ollo
734 2298 824 2333 Icclm
850 2298 988 2344 proleq.
1016 2298 1066 2332 ad
1091 2297 1194 2333 Pers.
1217 2309 1254 2343 p.
1283 2297 1412 2332 XLIX
1432 2298 1528 2339 adn„
1562 2298 1897 2332 ilerum.2'72uen2'tm·

269 2358 312 2392 de
339 2358 436 2394 hren.
463 2359 522 2392 w'l.
545 2361 574 2401 7,
604 2360 621 2391 8
722 2360 850 2390 abstulit
878 2361 911 2400 (b
939 2369 1034 2393 corr.
1061 2368 1111 2392 ea:
1139 2360 1171 2400 ρ)
1277 2358 1312 2391 14'
1342 2362 1371 2390 et
1398 2359 1574 2389 combussit
1593 2358 1728 2392 inducit
1747 2356 1896 2402 Madm‘y

624 2418 682 2448 ,pes

410 2454 445 2485 15»
474 2455 666 2485 continentis
693 2455 892 2498 (suprascr.
922 2464 966 2489 m,
994 2454 1082 2495 rec.)
1221 2454 1252 2484 in
1279 2454 1387 2495 ignem
1414 2453 1555 2494 inposuit
1580 2451 1701 2486 Isocle:
1731 2453 1762 2484 in
1789 2453 1897 2494 ignem

270 2513 375 2554 posuit
403 2511 480 2546 cod.
512 2511 682 2546 Simililcr
711 2512 789 2546 Ter.
818 2511 931 2548 Andr.
964 2515 991 2552 l,
1025 2515 1050 2552 1,
1085 2514 1145 2545 102
1182 2513 1212 2543 in
1249 2514 1355 2553 ignem
1392 2513 1560 2554 inpositast
1596 2510 1692 2545 BCD
1719 2510 1901 2556 praebent

271 2573 376 2613 posita
397 2565 467 2605 'cstz
500 2572 637 2605 Seneca
664 2571 738 2616 ipse
765 2570 809 2605 de
835 2571 934 2607 clem.
962 2573 991 2612 2,
1011 2573 1081 2614 4,v2
1110 2570 1160 2604 ad
1190 2570 1331 2605 Terenti
1354 2569 1559 2616 exemplum
1587 2570 1701 2604 delcit:
1733 2572 1762 2601 in
1791 2572 1898 2612 ignem

270 2631 361 2662 uiuos
395 2631 567 2671 inponunt,
603 2641 717 2675 neque
744 2629 1001 2671 (Inbae'landmn,
1035 2630 1120 2674 quin
1155 2629 1221 2664 leoc
1256 2629 1334 2664 loco
1369 2634 1401 2664 el
1435 2629 1486 2664 ad
1519 2628 1633 2664 Marc.
1674 2632 1724 2672 17,
1753 2632 1768 2661 7
1807 2629 1900 2664 idem

1502 2685 1542 2702 lsC

252 2701 531 2747 'restituendum
557 2713 621 2750 sim
653 2711 804 2758 Madm‘q
824 2712 948 2747 maluit
974 2714 1005 2744 in
1023 2715 1098 2754 igne
1124 2715 1229 2755 posuit
1330 2713 1370 2746 '17
1398 2714 1582 2755 fulguritum
1684 2713 1724 2746 19
1752 2713 1900 2745 attulerat

273 2772 391 2816 (prior
417 2778 426 2804 t
453 2774 562 2813 corr.)
687 2774 730 2805 w
756 2777 883 2814 questus
1005 2773 1043 2805 2]
1076 2773 1233 2804 theriotro
1261 2773 1333 2814 phis
1454 2773 1577 2803 obstitit
1605 2773 1639 2813 (b
1666 2782 1716 2806 esc
1742 2784 1763 2814 p
1790 2773 1908 2815 corr.)

427 2839 452 2856 c.
475 2830 571 2855 fruere

368 2868 411 2900 22
439 2868 560 2899 seruere
588 2872 788 2912 {.s·np7·(t.5'cr.
815 2878 857 2899 m.
886 2869 920 2908 4)
1019 2867 1062 2900 2⁴3
1090 2873 1219 2909 ceperat
