2008 3221
257 128 335 168 142
540 123 643 149 DIAL.
667 123 715 149 VI.
756 123 808 147 AD
831 123 1019 148 MARClAM
1041 123 1092 147 DE
1113 122 1433 149 CONSOLATIONE.
1475 124 1516 151 18.
1542 125 1582 150 19.

249 222 432 274 lapidum
492 233 839 271 gemmarumque
900 219 1034 270 fulgor
1086 225 1126 258 et
1180 219 1284 258 inter
1335 220 1574 273 rapidorum
1629 221 1873 260 torrentium

250 292 424 331 harenas
457 304 601 330 aurum
632 289 868 329 interfluens
901 296 942 329 et
975 290 1011 328 in
1048 291 1194 329 mediis
1226 290 1343 329 terris
1367 291 1592 342 medioque
1615 305 1752 330 rursus
1775 291 1877 331 mari

249 362 470 402 aethereae
511 362 666 413 ignium
710 361 818 400 faces
861 368 902 400 et
943 361 1148 400 uinculum
1181 367 1383 401 terrarum
1416 375 1618 409 oceanus,
1662 362 1874 402 continua-

249 434 405 472 tionem
439 432 623 484 gentium
656 431 800 485 triplici
835 432 923 471 sinu
955 432 1147 472 scindens
1170 438 1212 471 et
1233 432 1389 484 ingenti
1413 431 1575 472 licentia
1597 435 1875 472 exaestuans?

214 519 228 540 ς)
250 502 410 543 uidebis
453 503 519 542 hic
560 503 747 555 inquietis
790 510 831 542 et
872 503 959 542 sine
998 510 1125 543 uento
1159 502 1450 563 fluctuantibus
1482 504 1599 555 aquis
1630 504 1770 542 innare
1803 517 1875 542 ex-
1909 507 1919 512 ⁶

197 869 227 895 10

197 1225 227 1250 15

194 1582 227 1607 20

249 574 411 613 cedenti
455 580 618 614 terrena
661 575 947 626 magnitudine
989 574 1201 622 animalia,
1243 575 1451 627 quaedam
1496 574 1638 626 grauia
1669 580 1711 614 et
1743 573 1876 614 alieno

248 659 292 684 se
335 645 575 697 magisterio
619 646 851 693 mouentia,
895 645 1103 698 quaedam
1137 645 1296 685 uelocia
1328 652 1369 685 et
1402 646 1617 685 concitatis
1648 645 1878 698 perniciora

248 716 449 768 remigiis,
503 717 709 768 quaedam
764 717 992 756 haurientia
1033 717 1164 756 undas
1208 722 1249 756 et
1292 729 1448 767 magno
1491 717 1876 770 praenauigantium

247 786 430 839 periculo
483 786 674 826 efflantia.
738 787 898 827 uidebis
950 787 1015 827 hic
1063 788 1226 839 nauigia
1273 801 1375 840 quas
1424 801 1508 826 non
1550 801 1707 828 nouere
1748 794 1878 828 terras

247 858 497 911 quaerentia.
561 858 721 898 uidebis
764 858 859 897 nihil
899 859 1107 898 humanae
1139 859 1337 898 audaciae
1379 860 1675 911 intemptatum
1719 846 1878 911 erisque

248 936 289 968 et
330 935 543 982 spectator
587 935 628 968 et
671 930 758 982 ipse
799 944 894 982 pars
939 943 1091 981 magna
1133 931 1383 969 conantium.
1448 930 1580 969 disces
1624 930 1878 982 docebisque

247 1007 377 1048 artes,
421 1000 519 1040 alias
563 1014 671 1053 quae
713 1002 839 1040 uitam
883 1002 1105 1046 instruant,
1149 1000 1247 1040 alias
1289 1015 1396 1053 quae
1429 1006 1599 1049 ornent,
1641 999 1739 1040 alias
1771 1014 1878 1053 quae

247 1079 405 1124 regant.
467 1073 542 1111 sed
575 1072 663 1111 istic
696 1078 815 1111 erunt
848 1071 957 1111 mille
989 1085 1226 1124 corporum,
1260 1072 1491 1111 animorum
1519 1078 1671 1124 pestes,
1705 1078 1746 1111 et
1769 1071 1880 1111 bella
1905 1078 1924 1103 ι’

248 1150 290 1183 et
332 1143 546 1182 latrocinia
585 1149 625 1182 et
658 1157 819 1182 uenena
851 1149 893 1183 et
925 1142 1136 1195 naufragia
1169 1149 1209 1182 et
1242 1143 1508 1196 intemperies
1540 1142 1641 1182 caeli
1673 1143 1876 1195 corporis-

247 1228 329 1265 que
362 1220 403 1253 et
436 1214 740 1253 carissimorum
774 1214 926 1253 acerba
957 1214 1162 1253 desideria
1195 1219 1236 1253 et
1269 1227 1400 1262 mors,
1433 1214 1634 1253 incertum
1669 1213 1794 1253 facilis
1826 1227 1878 1253 an

247 1298 321 1337 per
353 1298 534 1337 poenam
568 1286 898 1338 cruciatumque:
937 1285 1121 1325 delibera
1152 1292 1291 1324 tecum
1324 1291 1365 1324 et
1387 1286 1613 1337 perpende,
1646 1285 1743 1338 quid
1767 1284 1877 1324 uelis.

248 1362 292 1395 ut
336 1357 389 1395 ad
431 1356 498 1395 illa
530 1356 691 1404 uenias,
734 1370 808 1408 per
848 1356 916 1396 illa
960 1357 1202 1396 exeundum
1236 1362 1308 1395 est.
1371 1356 1646 1408 respondebis
1689 1355 1794 1395 uelle
1836 1362 1878 1395 te

249 1427 413 1466 uiuere?
457 1427 623 1479 quidni?
666 1428 817 1474 immo,
851 1434 972 1479 puto,
1005 1428 1058 1467 ad
1092 1427 1133 1466 id
1166 1441 1246 1466 non
1281 1427 1468 1475 accedes,
1502 1440 1557 1466 ex
1589 1440 1672 1479 quo
1705 1426 1778 1466 tibi
1809 1426 1879 1466 ali-

248 1498 346 1550 quid
390 1499 526 1538 decuti
570 1497 699 1538 doles.
773 1499 866 1538 uiue
909 1512 1011 1550 ergo
1055 1504 1099 1537 ut
1138 1498 1343 1537 conuenit.
1416 1511 1564 1546 nemo,
1606 1498 1758 1550 inquis,
1801 1511 1878 1537 nos

248 1569 462 1609 consuluit.
527 1569 703 1609 consulti
745 1576 840 1609 sunt
883 1571 936 1609 de
978 1569 1100 1609 nobis
1132 1575 1327 1622 parentes
1359 1569 1511 1616 nostri,
1552 1570 1621 1622 qui
1653 1582 1746 1608 cum
1780 1582 1876 1608 con-

249 1641 454 1680 dicionem
488 1643 596 1680 uitae
629 1647 812 1689 nossent,
845 1641 883 1680 in
916 1640 1024 1680 hanc
1055 1654 1132 1680 nos
1164 1640 1427 1680 sustulerunt.

368 1712 480 1751 XIX.
525 1711 611 1752 Sed
643 1718 688 1751 ut
720 1713 774 1752 ad
806 1712 960 1752 solacia
991 1713 1166 1760 ueniam,
1200 1712 1295 1751 uide
1318 1712 1371 1751 sis
1404 1712 1582 1764 primum
1605 1712 1704 1764 quid
1734 1724 1876 1750 curan·
1910 1744 1912 1746 .

249 1784 349 1823 dum
382 1784 444 1830 sit,
478 1784 629 1823 deinde
661 1784 1035 1836 quemadmodum.
1086 1790 1229 1823 mouet
1261 1782 1475 1835 lugentem
1509 1782 1760 1822 desiderium
1793 1782 1878 1821 eius

248 1867 372 1907 quem
417 1854 576 1894 dilexit.
638 1854 679 1894 id
721 1869 796 1907 per
837 1868 882 1894 se
913 1853 1129 1894 tolerabile
1172 1868 1263 1894 esse
1295 1860 1478 1907 apparet.
1541 1853 1726 1908 absentis
1769 1854 1878 1893 enim

250 2007 270 2040 2
296 2008 435 2039 harenas
461 2019 571 2039 aurum
595 2006 721 2042 Curio:
753 2019 862 2039 aurum
882 2009 1011 2040 harenis
1038 2006 1115 2042 cod.
1144 2017 1259 2052 quare
1284 2018 1394 2039 aurum
1421 2008 1560 2039 harenas
1582 2005 1688 2041 Gertz
1712 2005 1881 2051 praefert

446 2075 453 2090 l

369 2104 472 2134 medis
601 2104 620 2135 :ss
649 2104 818 2135 aethereae
844 2102 988 2148 Haupt:
1019 2110 1121 2134 terrae
1149 2102 1199 2144 (in
1225 2103 1316 2144 ras.)
1438 2102 1714 2133 continuationem
1742 2099 1876 2146 Neaff:

251 2187 450 2218 continuatio
478 2185 556 2220 cod.
581 2184 682 2229 falsa
710 2192 836 2219 narrat
864 2184 1012 2220 Fickert
1149 2185 1166 2218 4
1196 2169 1341 2227 exesura}
1480 2185 1498 2214 5·
1526 2185 1580 2216 hic
1609 2194 1700 2217 unus
1727 2182 1878 2218 delerio-

250 2255 349 2278 rlcm:
388 2246 436 2276 his
591 2247 702 2276 inuare
737 2245 818 2278 olim
854 2249 1076 2279 correctum:
1123 2245 1225 2276 innari
1372 2245 1536 2276 excedenti
1571 2247 1695 2274 terrena
1736 2241 1881 2287 Lipsius

251 2304 425 2345 (terrestria
447 2304 686 2340 Gronouillsiz
717 2310 746 2336 et
773 2305 938 2336 excedenti
966 2305 1116 2335 terrentia
1236 2304 1245 2337 ἶ
1279 2305 1443 2335 mouentia
1463 2302 1680 2337 deteriores:
1702 2302 1879 2333 mouentita

393 2368 413 2391 δ’
447 2365 590 2406 remigiis
618 2362 834 2398 delere'oresz
863 2364 996 2405 remigis
1141 2364 1319 2395 haurientia
1346 2361 1563 2396 deteriores:
1595 2362 1738 2392 aurentia

254 2422 296 2456 w
329 2424 493 2464 querentia
632 2423 731 2454 nichil
877 2424 1101 2464 intemptatum
1137 2420 1353 2456 deteriores:
1393 2422 1583 2463 intemplato
1620 2421 1728 2461 (corr.
1763 2419 1798 2453 in
1834 2421 1880 2450 in-

252 2510 441 2547 temptatae)
565 2506 570 2537 1
589 2506 594 2538 1
629 2512 655 2535 et
676 2510 838 2547 spectator
859 2504 1022 2549 Lipsius:
1044 2506 1072 2537 ei
1091 2509 1255 2545 spectator
1370 2515 1442 2545 pars
1462 2502 1679 2537 delerioresz
1710 2487 1759 2544 p‘1¹

254 2565 295 2596 ‘135
317 2565 384 2595 istic
405 2564 435 2607 (c
454 2575 472 2597 ι’
491 2570 601 2600 sarr.)
710 2576 895 2605 c‹›rp‹;›rum,
916 2565 1097 2595 animorum
1114 2562 1239 2607 fulcro
1258 2574 1363 2607 effere
1380 2573 1449 2596 7207!
1466 2568 1555 2607 pulo
1669 2562 1704 2594 ls»
1726 2563 1879 2594 incertum

252 2623 334 2657 olim
362 2629 580 2657 carreclnm:
620 2624 755 2655 incertus
889 2624 924 2655 lt'»
953 2634 1069 2665 penam
1201 2623 1236 2654 1³<
1262 2623 1395 2664 quidni?
1433 2623 1545 2660 immo,
1575 2626 1661 2662 puto,
1690 2622 1730 2651 ad
1758 2621 1790 2652 id
1816 2632 1879 2652 non

252 2685 415 2715 haesitans
451 2682 588 2727 (passis
620 2682 724 2715 eliam
753 2684 863 2719 inuitat)
892 2683 1029 2714 accedes
1058 2681 1187 2720 Gertz,
1221 2680 1285 2726 qni
1307 2680 1518 2715 senteutiam,
1546 2684 1642 2714 recle
1661 2679 1876 2724 perspcaeic;

252 2743 362 2783 quidni
392 2743 539 2773 inmerito
567 2742 607 2772 ad
637 2742 666 2771 itl
695 2753 757 2772 non
786 2742 925 2773 accedas
952 2741 1024 2784 lpse
1051 2740 1190 2775 conieci
1324 2742 1368 2772 {Ill
1402 2740 1537 2771 consulti
1564 2742 1633 2770 sunt
1661 2738 1875 2772 deleriores:

253 2801 432 2832 consulitis
459 2807 526 2832 ‚sunt
626 2812 697 2831 cum
726 2799 942 2834 (lcl(²l·2'()res:
974 2807 1045 2831 tunc
1153 2800 1189 2833 '31
1225 2800 1255 2830 in
1283 2800 1366 2830 hanc
1394 2797 1610 2833 deteriores:
1641 2810 1680 2829 an
1701 2799 1784 2829 hane

253 2860 296 2893 22
323 2860 397 2891 uide
423 2860 464 2890 sis
493 2858 619 2892 Gerlz:
650 2860 786 2891 uideatis·
907 2859 946 2892 '24'
978 2864 1112 2901 apparet
1143 2856 1336 2892 Erasmus:
1367 2862 1524 2900 appareat
