1977 3231
74 500 94 533 G

61 1204 80 1237 10

630 118 732 146 DIAL.
757 120 788 147 V.
830 121 880 146 DE
902 121 968 146 IRA
989 121 1060 149 Llss.
1083 123 1134 149 ΙΙΙ.
1173 125 1198 151 ’2.
1220 128 1235 149 3
1694 135 1744 174 57

125 213 310 262 gentium
354 214 573 266 rabiesque
614 215 780 256 infanda
831 219 1038 259 ciuitatem
1081 221 1182 260 tulit.
1245 235 1321 261 nec
1373 224 1517 263 datum
1570 232 1746 279 tempus.

123 296 206 333 quo
248 284 448 323 resideret
492 291 632 324 tumor
674 287 882 339 publicus,
926 290 999 328 sed
1044 291 1251 331 deductae
1292 294 1479 345 protinus
1521 295 1672 336 classes
1705 306 1745 337 et

123 360 318 392 oneratae
370 355 637 395 tumultuario
691 357 829 398 milite.
891 360 978 398 sine
1020 374 1150 408 more,
1202 363 1289 401 sine
1330 366 1516 417 auspiciis
1568 368 1744 420 populus

122 423 246 462 ductu
301 425 383 462 irae
434 439 532 464 suae
587 439 777 477 egressus
831 428 997 469 fortuita
1045 437 1247 484 raptaque
1298 447 1375 485 pro
1428 437 1552 476 armis
1605 440 1743 489 gessit,

121 486 457 546 deinde'magna
499 496 617 536 clade
658 499 937 538 temeritatem
981 501 1148 540 audacis
1190 503 1273 542 irae
1315 504 1397 544 luit.
1460 506 1524 546 hic
1557 508 1743 549 barbaris
1782 532 1797 553 ,η

118 562 224 602 forte
257 565 467 604 ruentibus
499 567 537 604 in
570 567 678 607 bella
711 569 846 608 exitus
889 578 962 610 est.
1026 586 1118 611 cum
1163 573 1340 613 mobiles
1382 577 1542 616 animos
1585 580 1742 631 species

117 633 282 672 iniuriae
313 636 504 687 perculit,
539 645 716 689 aguntur
747 641 888 680 statim
932 648 974 680 et
1005 656 1086 694 qua
1120 643 1242 683 dolor
1273 646 1400 684 traxit
1438 647 1578 687 ruinae
1610 651 1740 690 modo

115 703 346 755 legionibus
378 707 561 746 incidunt
596 709 855 762 inconpositi,
887 712 1067 760 interriti,
1100 714 1258 761 incauti,
1291 716 1470 766 pericula
1492 719 1740 771 adpetentes

114 787 197 813 sua.
260 777 446 826 gaudent
478 777 583 817 feriri
616 786 657 818 et
689 780 841 820 instare
874 781 981 821 ferro
1015 789 1056 822 et
1089 784 1171 823 tela
1203 798 1381 837 corpore
1413 801 1560 839 urgere
1593 797 1633 829 et
1665 804 1739 842 per

113 857 232 883 suum
265 845 411 885 uolnus
443 848 568 887 exire.

229 915 297 954 ΙΙΙ.
336 916 431 956 Non
466 925 539 966 est,
572 920 714 971 inquis,
747 921 931 970 dubium,
964 924 1060 975 quin
1094 939 1248 977 magna
1279 928 1355 966 ista
1388 935 1428 967 et
1460 930 1654 980 pestifera
1685 934 1736 972 sit

111 985 195 1024 uis:
241 986 337 1025 ideo
380 991 739 1039 quemadmodum
783 994 916 1032 sanari
957 994 1111 1034 debeat
1154 1004 1352 1036 monstra.
1425 1001 1555 1052 atqui,
1611 1008 1653 1041 ut
1695 1004 1731 1042 in

109 1056 313 1107 prioribus
345 1057 456 1097 libris
489 1060 586 1107 dixi,
630 1067 712 1100 stat
744 1061 996 1103 Aristoteles
1029 1065 1224 1105 defensor
1264 1069 1347 1106 irae
1390 1077 1431 1108 et
1472 1062 1585 1110 uetat
1623 1073 1731 1112 illam

109 1126 228 1165 nobis
261 1129 449 1168 execari:
497 1129 630 1170 calcar
672 1133 728 1171 ait
766 1147 857 1172 esse
897 1135 1067 1174 uirtutis.
1130 1136 1208 1176 hac
1241 1146 1382 1191 erepta
1413 1141 1614 1182 inermem
1647 1146 1729 1183 ani-

108 1210 222 1236 mum
257 1205 298 1237 et
330 1200 382 1238 ad
416 1207 589 1253 conatus
623 1216 799 1254 magnos
832 1205 996 1256 pigrum
1026 1207 1284 1260 inertemque
1316 1209 1412 1249 fieri.
1455 1215 1730 1254 necessarium

107 1273 170 1306 est
200 1268 339 1320 itaque
385 1268 629 1310 foeditatem
673 1273 757 1311 eius
801 1287 849 1313 ac
882 1275 1088 1315 feritatem
1123 1291 1351 1330 coarguere
1383 1287 1424 1320 et
1455 1290 1552 1322 ante
1584 1289 1731 1324 oculos

104 1350 273 1389 ponere,
305 1346 507 1391 quantum
540 1344 713 1382 monstri
755 1345 805 1383 sit
839 1345 969 1385 homo
1002 1347 1040 1385 in
1073 1346 1287 1388 hominem
1321 1350 1457 1391 furens
1490 1361 1731 1408 quantoque

103 1407 245 1460 inpetu
286 1417 378 1449 ruat
420 1425 503 1450 non
546 1414 632 1452 sine
674 1416 852 1467 pernicie
895 1431 968 1455 sua
1010 1419 1262 1470 perniciosus
1306 1428 1347 1460 et
1389 1436 1437 1461 ea
1481 1425 1729 1476 deprimens,

103 1491 209 1529 quae
241 1481 373 1531 mergi
414 1481 487 1520 nisi
531 1496 624 1522 cum
658 1493 874 1537 mergente
913 1501 997 1526 non
1028 1497 1213 1541 possunt.
1277 1493 1375 1544 quid
1408 1497 1536 1545 ergo?
1581 1510 1727 1536 sanum

101 1547 210 1588 hunc
252 1549 395 1602 aliquis
438 1560 581 1600 uocat,
623 1556 692 1606 qui
734 1556 845 1596 uelut
892 1564 1145 1611 tempestate
1197 1569 1412 1615 correptus
1454 1579 1537 1604 non
1580 1568 1609 1606 it
1652 1570 1726 1608 sed

100 1619 236 1669 agitur
277 1627 319 1660 et
361 1621 508 1662 furenti
552 1625 662 1664 malo
704 1628 856 1666 seruit?
909 1642 986 1668 nec
1030 1632 1203 1671 mandat
1241 1632 1438 1674 ultionem
1472 1650 1610 1684 suam,
1652 1641 1726 1678 sed

99 1688 188 1740 ipse
231 1691 317 1729 eius
369 1700 544 1733 exactor
595 1697 734 1735 animo
786 1699 907 1737 simul
959 1713 1007 1739 ac
1060 1714 1185 1740 manu
1237 1705 1367 1743 saeuit
1419 1707 1724 1749 carissimorum

98 1772 327 1813 eorumque
369 1776 474 1814 quae
516 1778 619 1804 mox
661 1768 812 1807 amissa
853 1768 1021 1808 fleturus
1061 1778 1123 1810 est
1167 1772 1377 1812 carnifex?
1432 1775 1540 1815 hunc
1582 1778 1724 1831 aliquis

97 1829 308 1871 adfectum
342 1833 479 1873 uirtuti
511 1836 744 1876 adiutorem
779 1840 1063 1892 comitemque
1097 1842 1187 1883 dat.
1231 1844 1421 1893 consilia,
1459 1847 1545 1886 sine
1577 1849 1724 1900 quibus

96 1901 222 1941 uirtus
264 1903 361 1942 nihil
402 1906 528 1956 gerit,
574 1907 901 1948 obturbantem?
955 1912 1137 1951 caducae
1179 1914 1448 1967 sinistraeque
1489 1925 1584 1957 sunt
1617 1920 1720 1959 uires
1761 1939 1774 1959 ·,

95 1976 138 2010 et
168 1971 207 2010 in
241 1973 396 2013 malum
429 1989 547 2016 suum
583 1977 765 2026 ualidae,
808 1981 846 2018 in
889 1995 992 2033 quas
1035 1997 1207 2035 aegrum
1251 1985 1424 2025 morbus
1467 1994 1507 2027 et
1539 1993 1721 2030 accessio

50 2055 61 2059 ·
96 2043 240 2083 erexit.
302 2058 385 2083 non
419 2053 481 2085 est
514 2061 615 2099 ergo
648 2051 763 2101 quod
797 2064 865 2089 me
897 2059 1017 2104 putes
1056 2060 1223 2107 tempus
1254 2056 1294 2094 in
1326 2061 1589 2109 superuacuis
1622 2075 1718 2100 con-

92 2125 277 2161 sumere,
321 2117 435 2167 quod
467 2118 590 2165 iram,
636 2121 751 2171 quasi
784 2121 936 2161 dubiae
968 2125 1079 2174 apud
1112 2124 1302 2165 homines
1334 2129 1535 2177 opinionis
1567 2132 1629 2179 sit,
1662 2134 1717 2171 in-

92 2181 268 2231 famem,
313 2198 406 2225 cum
439 2187 583 2240 aliquis
614 2190 665 2228 sit
699 2197 739 2229 et
771 2192 941 2243 quidem
975 2195 1028 2233 de
1060 2194 1297 2235 inlustribus
1328 2197 1607 2251 philosophis,
1651 2204 1718 2255 qui

91 2253 145 2292 illi
175 2254 329 2294 indicat
371 2270 521 2308 operas
554 2264 595 2297 et
627 2265 841 2313 tamquam
877 2264 1017 2303 utilem
1057 2279 1106 2304 ac
1139 2267 1301 2318 spiritus
1333 2269 1715 2313 subministrantem

90 2408 109 2438 ζ)
142 2415 229 2447 ptem
322 2410 341 2440 :2¹
362 2416 493 2441 onerate
519 2395 549 2450 el
662 2414 681 2440 Η
710 2415 871 2445 ruentibus
900 2413 968 2447 Eff:
999 2417 1177 2448 uiuentibus
1287 2426 1307 2447 v*
1335 2421 1517 2462 legionibus
1544 2422 1712 2469 llladmfi:

90 2466 251 2506 regionib;
431 2469 563 2500 interriti
592 2470 658 2503 ula·
685 2482 820 2511 nerum,
856 2474 992 2506 conicio
1020 2476 1157 2515 imparati
1327 2484 1513 2520 appetentes
1549 2484 1668 2527 (prior
1695 2497 1714 2526 p

88 2524 200 2564 carr.)
283 2525 302 2558 9
331 2537 393 2566 p..
423 2525 507 2570 (fuit
533 2539 599 2569 per,
627 2528 793 2563 ll'ueolam
821 2542 915 2566 corr.
939 2533 1042 2576 fecit)
1128 2534 1169 2567 10
1188 2536 1299 2566 uulnus
1376 2538 1416 2571 12
1436 2542 1521 2580 atqui
1550 2541 1575 2583 (t
1602 2553 1712 2577 corr.»

207 2583 241 2614 13
269 2585 466 2627 inertemque
492 2585 707 2621 Pincianus:
737 2591 928 2632 inermemq2
1062 2593 1097 2624 1⁴3
1124 2594 1291 2633 feditatem
1409 2598 1448 2629 lb·
1476 2600 1595 2640 impetu

88 2642 126 2673 21
159 2646 188 2672 et
214 2642 327 2673 furenti
354 2642 482 2687 nul-qo:
521 2647 665 2678 effurenti
813 2652 855 2682 22
883 2653 1061 2682 manuseuit
1095 2652 1192 2688 (ante
1217 2664 1231 2684 s
1257 2652 1374 2688 altera
1399 2667 1413 2686 s
1440 2655 1569 2697 deleta)

87 2699 129 2732 24
157 2701 277 2734 affecti-1
381 2702 424 2735 ‘223
452 2705 612 2747 sinistra„
642 2718 662 2736 -:÷:-
684 2714 784 2745 (rat,
810 2708 844 2741 2'11
872 2720 944 2752 qua
966 2708 1040 2752 fui!
1066 2713 1148 2746 sunt)
1176 2712 1257 2743 uires
1279 2718 1349 2744 sunt
1376 2715 1475 2758 (post
1500 2718 1567 2749 nire
1588 2718 1661 2760 fail
1686 2733 1710 2756 s.

85 2768 156 2801 qna
183 2757 303 2792 littera
329 2772 436 2794 crasa
462 2765 724 2809 .‹›1J›1·rt.s·c1·1·ps2't
751 2779 764 2794 s>
791 2778 821 2799 m
862 2769 945 2803 rec.)
1044 2770 1088 2802 2⁸
1115 2776 1191 2811 aput
1296 2772 1339 2804 Ἦ)
1366 2773 1514 2811 illustrilu
1540 2777 1573 2817 1in
1600 2787 1710 2810 corr»

180 2818 383 2860 philosophis·
394 2832 412 2850 εκ-

1762 882 1790 905 10

1757 1233 1784 1257 15

1747 1586 1780 1610 ΞΗ

1738 2290 1752 2313 3
1756 2288 1771 2311 O
