<?xml version="1.0" encoding="UTF-8"?>
<!DOCTYPE html PUBLIC "-//W3C//DTD XHTML 1.0 Transitional//EN"
    "http://www.w3.org/TR/xhtml1/DTD/xhtml1-transitional.dtd">
<html xmlns="http://www.w3.org/1999/xhtml" xml:lang="en" lang="en">
 <head>
  <title>
</title>
<meta http-equiv="Content-Type" content="text/html;charset=utf-8" />
  <meta name='ocr-system' content='tesseract 3.04.00' />
  <meta name='ocr-capabilities' content='ocr_page ocr_carea ocr_par ocr_line ocrx_word'/>
</head>
<body>
  <div class='ocr_page' id='page_1' title='image "./dialogorumlibrid00seneuoft_0169.png"; bbox 0 0 1977 3231; ppageno 0'>
   <div class='ocr_carea' id='block_1_1' title="bbox 53 957 73 990">
    <p class='ocr_par' dir='ltr' id='par_1_1' title="bbox 53 957 73 990">
     <span class='ocr_line' id='line_1_1' title="bbox 53 957 73 990; textangle 90"><span class='ocrx_word' id='word_1_1' title='bbox 53 957 73 990; x_wconf 59' lang='lat'>13</span> 
     </span>
    </p>
   </div>
   <div class='ocr_carea' id='block_1_2' title="bbox 392 147 1715 191">
    <p class='ocr_par' dir='ltr' id='par_1_2' title="bbox 392 147 1715 191">
     <span class='ocr_line' id='line_1_2' title="bbox 392 147 1715 191; baseline 0.003 -19"><span class='ocrx_word' id='word_1_2' title='bbox 392 148 494 174; x_wconf 82' lang='lat' dir='ltr'>DIAL.</span> <span class='ocrx_word' id='word_1_3' title='bbox 514 148 562 173; x_wconf 86' lang='lat' dir='ltr'>Vl.</span> <span class='ocrx_word' id='word_1_4' title='bbox 604 148 658 172; x_wconf 79' lang='lat' dir='ltr'>AD</span> <span class='ocrx_word' id='word_1_5' title='bbox 679 147 867 173; x_wconf 66' lang='lat' dir='ltr'><strong>MARCIAM</strong></span> <span class='ocrx_word' id='word_1_6' title='bbox 888 147 941 173; x_wconf 87' lang='lat' dir='ltr'>DE</span> <span class='ocrx_word' id='word_1_7' title='bbox 961 147 1281 174; x_wconf 87' lang='lat' dir='ltr'>CONSOLATIONE.</span> <span class='ocrx_word' id='word_1_8' title='bbox 1325 150 1365 175; x_wconf 85' lang='grc'><strong>10.</strong></span> <span class='ocrx_word' id='word_1_9' title='bbox 1390 149 1430 176; x_wconf 85' lang='lat' dir='ltr'>ll.</span> <span class='ocrx_word' id='word_1_10' title='bbox 1647 153 1715 191; x_wconf 71' lang='lat'>131</span> 
     </span>
    </p>
   </div>
   <div class='ocr_carea' id='block_1_3' title="bbox 97 243 1725 1215">
    <p class='ocr_par' dir='ltr' id='par_1_3' title="bbox 103 243 1722 436">
     <span class='ocr_line' id='line_1_3' title="bbox 105 243 1722 296; baseline 0.001 -13"><span class='ocrx_word' id='word_1_11' title='bbox 105 243 349 283; x_wconf 84' lang='lat' dir='ltr'>morborum</span> <span class='ocrx_word' id='word_1_12' title='bbox 382 244 501 283; x_wconf 81' lang='lat' dir='ltr'>uariis</span> <span class='ocrx_word' id='word_1_13' title='bbox 534 243 754 295; x_wconf 84' lang='lat' dir='ltr'>generibus</span> <span class='ocrx_word' id='word_1_14' title='bbox 786 250 1045 283; x_wconf 73' lang='lat' dir='ltr'>emaceratos</span> <span class='ocrx_word' id='word_1_15' title='bbox 1079 244 1147 283; x_wconf 91' lang='lat' dir='ltr'>diu</span> <span class='ocrx_word' id='word_1_16' title='bbox 1180 244 1284 291; x_wconf 86' lang='lat' dir='ltr'>inter</span> <span class='ocrx_word' id='word_1_17' title='bbox 1307 245 1432 284; x_wconf 91' lang='lat' dir='ltr'>uitam</span> <span class='ocrx_word' id='word_1_18' title='bbox 1457 249 1722 296; x_wconf 87' lang='lat' dir='ltr'>mortemque</span> 
     </span>
     <span class='ocr_line' id='line_1_4' title="bbox 104 314 1722 367; baseline 0.001 -14"><span class='ocrx_word' id='word_1_19' title='bbox 104 315 266 353; x_wconf 88' lang='lat' dir='ltr'>medios</span> <span class='ocrx_word' id='word_1_20' title='bbox 308 315 521 353; x_wconf 79' lang='lat' dir='ltr'>detinebit.</span> <span class='ocrx_word' id='word_1_21' title='bbox 582 320 625 353; x_wconf 92' lang='lat' dir='ltr'>ut</span> <span class='ocrx_word' id='word_1_22' title='bbox 668 315 778 353; x_wconf 83' lang='lat' dir='ltr'>uaria</span> <span class='ocrx_word' id='word_1_23' title='bbox 817 321 858 353; x_wconf 92' lang='lat' dir='ltr'>et</span> <span class='ocrx_word' id='word_1_24' title='bbox 891 314 1108 353; x_wconf 84' lang='lat' dir='ltr'>libidinosa</span> <span class='ocrx_word' id='word_1_25' title='bbox 1141 315 1523 367; x_wconf 79' lang='lat' dir='ltr'>mancipiorumque</span> <span class='ocrx_word' id='word_1_26' title='bbox 1554 329 1722 354; x_wconf 90' lang='lat' dir='ltr'>suorum</span> 
     </span>
     <span class='ocr_line' id='line_1_5' title="bbox 103 384 1326 436; baseline 0.001 -13"><span class='ocrx_word' id='word_1_27' title='bbox 103 384 330 436; x_wconf 78' lang='lat' dir='ltr'>neglegens</span> <span class='ocrx_word' id='word_1_28' title='bbox 363 386 535 424; x_wconf 86' lang='lat' dir='ltr'>domina</span> <span class='ocrx_word' id='word_1_29' title='bbox 567 391 608 424; x_wconf 90' lang='lat' dir='ltr'>et</span> <span class='ocrx_word' id='word_1_30' title='bbox 640 386 784 436; x_wconf 88' lang='lat' dir='ltr'>poenis</span> <span class='ocrx_word' id='word_1_31' title='bbox 817 391 858 423; x_wconf 89' lang='lat' dir='ltr'>et</span> <span class='ocrx_word' id='word_1_32' title='bbox 891 385 1130 424; x_wconf 87' lang='lat' dir='ltr'>muneribus</span> <span class='ocrx_word' id='word_1_33' title='bbox 1163 386 1326 424; x_wconf 76' lang='lat' dir='ltr'>errabit.</span> 
     </span>
    </p>

    <p class='ocr_par' dir='ltr' id='par_1_4' title="bbox 97 455 1725 1215">
     <span class='ocr_line' id='line_1_6' title="bbox 220 455 1723 508; baseline 0.001 -14"><span class='ocrx_word' id='word_1_34' title='bbox 220 455 290 494; x_wconf 83' lang='lat' dir='ltr'>XI.</span> <span class='ocrx_word' id='word_1_35' title='bbox 354 455 464 507; x_wconf 73' lang='lat' dir='ltr'>Quid</span> <span class='ocrx_word' id='word_1_36' title='bbox 518 469 622 508; x_wconf 88' lang='lat' dir='ltr'>opus</span> <span class='ocrx_word' id='word_1_37' title='bbox 675 462 737 494; x_wconf 89' lang='lat' dir='ltr'>est</span> <span class='ocrx_word' id='word_1_38' title='bbox 784 461 922 507; x_wconf 84' lang='lat' dir='ltr'>partes</span> <span class='ocrx_word' id='word_1_39' title='bbox 966 455 1147 494; x_wconf 85' lang='lat' dir='ltr'>deflere?</span> <span class='ocrx_word' id='word_1_40' title='bbox 1200 462 1291 495; x_wconf 86' lang='lat' dir='ltr'>tota</span> <span class='ocrx_word' id='word_1_41' title='bbox 1333 455 1478 495; x_wconf 83' lang='lat' dir='ltr'>flebilis</span> <span class='ocrx_word' id='word_1_42' title='bbox 1523 457 1607 495; x_wconf 90' lang='lat' dir='ltr'>uita</span> <span class='ocrx_word' id='word_1_43' title='bbox 1650 462 1723 497; x_wconf 85' lang='lat' dir='ltr'>est.</span> 
     </span>
     <span class='ocr_line' id='line_1_7' title="bbox 103 526 1722 578; baseline 0.001 -14"><span class='ocrx_word' id='word_1_44' title='bbox 103 526 310 576; x_wconf 81' lang='lat' dir='ltr'>urgebunt</span> <span class='ocrx_word' id='word_1_45' title='bbox 342 540 451 565; x_wconf 86' lang='lat' dir='ltr'>noua</span> <span class='ocrx_word' id='word_1_46' title='bbox 483 527 773 573; x_wconf 89' lang='lat' dir='ltr'>incommoda,</span> <span class='ocrx_word' id='word_1_47' title='bbox 805 527 1043 578; x_wconf 86' lang='lat' dir='ltr'>priusquam</span> <span class='ocrx_word' id='word_1_48' title='bbox 1077 526 1285 565; x_wconf 89' lang='lat' dir='ltr'>ueteribus</span> <span class='ocrx_word' id='word_1_49' title='bbox 1317 526 1570 565; x_wconf 78' lang='lat' dir='ltr'>satisfeceris.</span> <span class='ocrx_word' id='word_1_50' title='bbox 1634 540 1722 565; x_wconf 91' lang='lat' dir='ltr'>mo-</span> 
     </span>
     <span class='ocr_line' id='line_1_8' title="bbox 105 597 1725 650; baseline 0.001 -15"><span class='ocrx_word' id='word_1_51' title='bbox 105 597 335 636; x_wconf 86' lang='lat' dir='ltr'>derandum</span> <span class='ocrx_word' id='word_1_52' title='bbox 369 603 431 636; x_wconf 88' lang='lat' dir='ltr'>est</span> <span class='ocrx_word' id='word_1_53' title='bbox 463 598 601 650; x_wconf 89' lang='lat' dir='ltr'>itaque</span> <span class='ocrx_word' id='word_1_54' title='bbox 633 597 752 637; x_wconf 91' lang='lat' dir='ltr'>uobis</span> <span class='ocrx_word' id='word_1_55' title='bbox 785 597 991 644; x_wconf 83' lang='lat' dir='ltr'>maxime,</span> <span class='ocrx_word' id='word_1_56' title='bbox 1033 597 1101 649; x_wconf 92' lang='lat' dir='ltr'>qui</span> <span class='ocrx_word' id='word_1_57' title='bbox 1134 610 1182 636; x_wconf 87' lang='lat' dir='ltr'>ea</span> <span class='ocrx_word' id='word_1_58' title='bbox 1213 597 1475 637; x_wconf 79' lang='lat' dir='ltr'>inmoderate</span> <span class='ocrx_word' id='word_1_59' title='bbox 1508 597 1640 645; x_wconf 89' lang='lat' dir='ltr'>fertis,</span> <span class='ocrx_word' id='word_1_60' title='bbox 1683 603 1725 636; x_wconf 89' lang='lat' dir='ltr'>et</span> 
     </span>
     <span class='ocr_line' id='line_1_9' title="bbox 102 667 1724 721; baseline 0.001 -16"><span class='ocrx_word' id='word_1_61' title='bbox 102 667 140 705; x_wconf 91' lang='lat' dir='ltr'>in</span> <span class='ocrx_word' id='word_1_62' title='bbox 188 673 323 707; x_wconf 89' lang='lat' dir='ltr'>metus</span> <span class='ocrx_word' id='word_1_63' title='bbox 365 674 406 707; x_wconf 87' lang='lat' dir='ltr'>et</span> <span class='ocrx_word' id='word_1_64' title='bbox 448 669 487 707; x_wconf 91' lang='lat' dir='ltr'>in</span> <span class='ocrx_word' id='word_1_65' title='bbox 529 667 697 708; x_wconf 85' lang='lat' dir='ltr'>dolores</span> <span class='ocrx_word' id='word_1_66' title='bbox 742 667 908 707; x_wconf 87' lang='lat' dir='ltr'>humani</span> <span class='ocrx_word' id='word_1_67' title='bbox 950 668 1130 720; x_wconf 84' lang='lat' dir='ltr'>pectoris</span> <span class='ocrx_word' id='word_1_68' title='bbox 1173 669 1232 707; x_wconf 87' lang='lat' dir='ltr'>uis</span> <span class='ocrx_word' id='word_1_69' title='bbox 1265 668 1555 721; x_wconf 87' lang='lat' dir='ltr'>dispensanda.</span> <span class='ocrx_word' id='word_1_70' title='bbox 1618 682 1724 720; x_wconf 86' lang='lat' dir='ltr'>quae</span> 
     </span>
     <span class='ocr_line' id='line_1_10' title="bbox 102 738 1724 791; baseline 0.001 -14"><span class='ocrx_word' id='word_1_71' title='bbox 102 739 252 778; x_wconf 89' lang='lat' dir='ltr'>deinde</span> <span class='ocrx_word' id='word_1_72' title='bbox 284 740 361 778; x_wconf 86' lang='lat' dir='ltr'>ista</span> <span class='ocrx_word' id='word_1_73' title='bbox 393 752 490 778; x_wconf 85' lang='lat' dir='ltr'>suae</span> <span class='ocrx_word' id='word_1_74' title='bbox 522 739 795 791; x_wconf 80' lang='lat' dir='ltr'>publicaeque</span> <span class='ocrx_word' id='word_1_75' title='bbox 828 739 1081 778; x_wconf 89' lang='lat' dir='ltr'>condicionis</span> <span class='ocrx_word' id='word_1_76' title='bbox 1114 738 1269 778; x_wconf 90' lang='lat' dir='ltr'>obliuio</span> <span class='ocrx_word' id='word_1_77' title='bbox 1298 741 1386 777; x_wconf 84' lang='lat' dir='ltr'>est?</span> <span class='ocrx_word' id='word_1_78' title='bbox 1420 738 1604 778; x_wconf 89' lang='lat' dir='ltr'>mortalis</span> <span class='ocrx_word' id='word_1_79' title='bbox 1627 745 1724 778; x_wconf 85' lang='lat' dir='ltr'>nata</span> 
     </span>
     <span class='ocr_line' id='line_1_11' title="bbox 101 808 1723 862; baseline -0.001 -14"><span class='ocrx_word' id='word_1_80' title='bbox 101 823 164 857; x_wconf 86' lang='lat' dir='ltr'>eS‚</span> <span class='ocrx_word' id='word_1_81' title='bbox 218 809 415 849; x_wconf 76' lang='lat' dir='ltr'>mortales</span> <span class='ocrx_word' id='word_1_82' title='bbox 458 810 664 862; x_wconf 83' lang='lat' dir='ltr'>peperisti.</span> <span class='ocrx_word' id='word_1_83' title='bbox 727 816 846 862; x_wconf 85' lang='lat' dir='ltr'>putre</span> <span class='ocrx_word' id='word_1_84' title='bbox 888 811 975 861; x_wconf 89' lang='lat' dir='ltr'>ipsa</span> <span class='ocrx_word' id='word_1_85' title='bbox 1019 808 1272 862; x_wconf 81' lang='lat' dir='ltr'>fluidumque</span> <span class='ocrx_word' id='word_1_86' title='bbox 1314 823 1464 861; x_wconf 90' lang='lat' dir='ltr'>corpus</span> <span class='ocrx_word' id='word_1_87' title='bbox 1508 815 1549 848; x_wconf 88' lang='lat' dir='ltr'>et</span> <span class='ocrx_word' id='word_1_88' title='bbox 1593 810 1723 848; x_wconf 87' lang='lat' dir='ltr'>causis</span> 
     </span>
     <span class='ocr_line' id='line_1_12' title="bbox 104 879 1723 932; baseline 0 -13"><span class='ocrx_word' id='word_1_89' title='bbox 104 880 303 932; x_wconf 15' lang='lat' dir='ltr'>&#39;&#39;morbos3</span> <span class='ocrx_word' id='word_1_90' title='bbox 349 881 524 932; x_wconf 87' lang='lat' dir='ltr'>repetita</span> <span class='ocrx_word' id='word_1_91' title='bbox 567 881 739 932; x_wconf 80' lang='lat' dir='ltr'>sperasti</span> <span class='ocrx_word' id='word_1_92' title='bbox 772 886 858 919; x_wconf 87' lang='lat' dir='ltr'>tam</span> <span class='ocrx_word' id='word_1_93' title='bbox 891 879 1080 920; x_wconf 89' lang='lat' dir='ltr'>inbecilla</span> <span class='ocrx_word' id='word_1_94' title='bbox 1112 881 1285 919; x_wconf 85' lang='lat' dir='ltr'>materia</span> <span class='ocrx_word' id='word_1_95' title='bbox 1316 879 1449 919; x_wconf 89' lang='lat' dir='ltr'>solida</span> <span class='ocrx_word' id='word_1_96' title='bbox 1482 886 1523 919; x_wconf 91' lang='lat' dir='ltr'>et</span> <span class='ocrx_word' id='word_1_97' title='bbox 1555 886 1723 919; x_wconf 88' lang='lat' dir='ltr'>aeterna</span> 
     </span>
     <span class='ocr_line' id='line_1_13' title="bbox 100 950 1723 1002; baseline 0.001 -13"><span class='ocrx_word' id='word_1_98' title='bbox 100 952 313 1002; x_wconf 82' lang='lat' dir='ltr'>gestasse?</span> <span class='ocrx_word' id='word_1_99' title='bbox 358 951 535 990; x_wconf 80' lang='lat' dir='ltr'>decessit</span> <span class='ocrx_word' id='word_1_100' title='bbox 567 950 671 990; x_wconf 85' lang='lat' dir='ltr'>filius</span> <span class='ocrx_word' id='word_1_101' title='bbox 703 957 807 994; x_wconf 80' lang='lat' dir='ltr'>tuus,</span> <span class='ocrx_word' id='word_1_102' title='bbox 840 952 881 990; x_wconf 91' lang='lat' dir='ltr'>id</span> <span class='ocrx_word' id='word_1_103' title='bbox 914 956 988 998; x_wconf 87' lang='lat' dir='ltr'>est,</span> <span class='ocrx_word' id='word_1_104' title='bbox 1022 952 1252 990; x_wconf 88' lang='lat' dir='ltr'>decucurrit</span> <span class='ocrx_word' id='word_1_105' title='bbox 1285 952 1338 990; x_wconf 90' lang='lat' dir='ltr'>ad</span> <span class='ocrx_word' id='word_1_106' title='bbox 1371 951 1478 990; x_wconf 89' lang='lat' dir='ltr'>hunc</span> <span class='ocrx_word' id='word_1_107' title='bbox 1499 951 1637 999; x_wconf 87' lang='lat' dir='ltr'>finem,</span> <span class='ocrx_word' id='word_1_108' title='bbox 1669 952 1723 991; x_wconf 87' lang='lat' dir='ltr'>ad</span> 
     </span>
     <span class='ocr_line' id='line_1_14' title="bbox 99 1020 1724 1075; baseline 0.001 -16"><span class='ocrx_word' id='word_1_109' title='bbox 99 1034 223 1073; x_wconf 90' lang='lat' dir='ltr'>quem</span> <span class='ocrx_word' id='word_1_110' title='bbox 266 1035 372 1072; x_wconf 89' lang='lat' dir='ltr'>quae</span> <span class='ocrx_word' id='word_1_111' title='bbox 414 1020 594 1061; x_wconf 80' lang='lat' dir='ltr'>feliciora</span> <span class='ocrx_word' id='word_1_112' title='bbox 634 1028 753 1074; x_wconf 89' lang='lat' dir='ltr'>partu</span> <span class='ocrx_word' id='word_1_113' title='bbox 797 1029 869 1061; x_wconf 90' lang='lat' dir='ltr'>tuo</span> <span class='ocrx_word' id='word_1_114' title='bbox 911 1027 1032 1074; x_wconf 89' lang='lat' dir='ltr'>putas</span> <span class='ocrx_word' id='word_1_115' title='bbox 1070 1028 1306 1075; x_wconf 87' lang='lat' dir='ltr'>properant.</span> <span class='ocrx_word' id='word_1_116' title='bbox 1369 1021 1450 1061; x_wconf 91' lang='lat' dir='ltr'>huc</span> <span class='ocrx_word' id='word_1_117' title='bbox 1482 1022 1616 1066; x_wconf 83' lang='lat' dir='ltr'>omnis</span> <span class='ocrx_word' id='word_1_118' title='bbox 1647 1022 1724 1061; x_wconf 88' lang='lat' dir='ltr'>ista</span> 
     </span>
     <span class='ocr_line' id='line_1_15' title="bbox 98 1090 1724 1145; baseline 0.001 -14"><span class='ocrx_word' id='word_1_119' title='bbox 98 1105 204 1144; x_wconf 87' lang='lat' dir='ltr'>quae</span> <span class='ocrx_word' id='word_1_120' title='bbox 236 1092 275 1131; x_wconf 90' lang='lat' dir='ltr'>in</span> <span class='ocrx_word' id='word_1_121' title='bbox 307 1090 398 1131; x_wconf 88' lang='lat' dir='ltr'>foro</span> <span class='ocrx_word' id='word_1_122' title='bbox 432 1091 574 1143; x_wconf 85' lang='lat' dir='ltr'>litigat,</span> <span class='ocrx_word' id='word_1_123' title='bbox 607 1093 646 1131; x_wconf 90' lang='lat' dir='ltr'>in</span> <span class='ocrx_word' id='word_1_124' title='bbox 678 1092 849 1132; x_wconf 86' lang='lat' dir='ltr'>theatris</span> <span class='ocrx_word' id='word_1_125' title='bbox 881 1092 1062 1140; x_wconf 74' lang='lat' dir='ltr'>desidet,</span> <span class='ocrx_word' id='word_1_126' title='bbox 1109 1093 1147 1131; x_wconf 91' lang='lat' dir='ltr'>in</span> <span class='ocrx_word' id='word_1_127' title='bbox 1179 1091 1345 1145; x_wconf 88' lang='lat' dir='ltr'>templis</span> <span class='ocrx_word' id='word_1_128' title='bbox 1377 1098 1568 1144; x_wconf 87' lang='lat' dir='ltr'>precatur</span> <span class='ocrx_word' id='word_1_129' title='bbox 1599 1092 1724 1132; x_wconf 90' lang='lat' dir='ltr'>turba</span> 
     </span>
     <span class='ocr_line' id='line_1_16' title="bbox 97 1162 1722 1215; baseline 0.001 -14"><span class='ocrx_word' id='word_1_130' title='bbox 97 1162 251 1215; x_wconf 83' lang='lat' dir='ltr'>dispari</span> <span class='ocrx_word' id='word_1_131' title='bbox 292 1163 423 1214; x_wconf 86' lang='lat' dir='ltr'>gradu</span> <span class='ocrx_word' id='word_1_132' title='bbox 466 1163 590 1201; x_wconf 85' lang='lat' dir='ltr'>uadit.</span> <span class='ocrx_word' id='word_1_133' title='bbox 652 1169 693 1202; x_wconf 87' lang='lat' dir='ltr'>et</span> <span class='ocrx_word' id='word_1_134' title='bbox 735 1176 841 1214; x_wconf 88' lang='lat' dir='ltr'>quae</span> <span class='ocrx_word' id='word_1_135' title='bbox 885 1162 1018 1214; x_wconf 82' lang='lat' dir='ltr'>diligis</span> <span class='ocrx_word' id='word_1_136' title='bbox 1054 1163 1287 1214; x_wconf 70' lang='lat' dir='ltr'>[uenerarisl</span> <span class='ocrx_word' id='word_1_137' title='bbox 1322 1169 1365 1202; x_wconf 90' lang='lat' dir='ltr'>et</span> <span class='ocrx_word' id='word_1_138' title='bbox 1396 1176 1503 1215; x_wconf 87' lang='lat' dir='ltr'>quae</span> <span class='ocrx_word' id='word_1_139' title='bbox 1535 1163 1722 1215; x_wconf 83' lang='lat' dir='ltr'>despicis,</span> 
     </span>
    </p>
   </div>
   <div class='ocr_carea' id='block_1_4' title="bbox 98 1232 1722 1284">
    <p class='ocr_par' dir='ltr' id='par_1_5' title="bbox 98 1232 1722 1284">
     <span class='ocr_line' id='line_1_17' title="bbox 98 1232 1722 1284; baseline 0 -12"><span class='ocrx_word' id='word_1_140' title='bbox 98 1247 201 1272; x_wconf 90' lang='lat' dir='ltr'>unus</span> <span class='ocrx_word' id='word_1_141' title='bbox 243 1233 495 1284; x_wconf 84' lang='lat' dir='ltr'>exaequabit</span> <span class='ocrx_word' id='word_1_142' title='bbox 539 1234 650 1273; x_wconf 86' lang='lat' dir='ltr'>cinis.</span> <span class='ocrx_word' id='word_1_143' title='bbox 711 1233 794 1272; x_wconf 83' lang='lat' dir='ltr'>hoc</span> <span class='ocrx_word' id='word_1_144' title='bbox 834 1233 948 1272; x_wconf 74' lang='lat' dir='ltr'>iubet</span> <span class='ocrx_word' id='word_1_145' title='bbox 985 1233 1176 1273; x_wconf 87' lang='lat' dir='ltr'>uidelicet</span> <span class='ocrx_word' id='word_1_146' title='bbox 1217 1233 1284 1272; x_wconf 86' lang='lat' dir='ltr'>illa</span> <span class='ocrx_word' id='word_1_147' title='bbox 1322 1233 1505 1284; x_wconf 88' lang='lat' dir='ltr'>Pythicis</span> <span class='ocrx_word' id='word_1_148' title='bbox 1549 1232 1722 1272; x_wconf 86' lang='lat' dir='ltr'>oraculis</span> 
     </span>
    </p>
   </div>
   <div class='ocr_carea' id='block_1_5' title="bbox 52 1296 1723 1357">
    <p class='ocr_par' dir='ltr' id='par_1_6' title="bbox 52 1296 1723 1357">
     <span class='ocr_line' id='line_1_18' title="bbox 52 1296 1723 1357; baseline 0.001 -16"><span class='ocrx_word' id='word_1_149' title='bbox 52 1312 71 1341; x_wconf 74' lang='grc' dir='ltr'>ξ’»</span> <span class='ocrx_word' id='word_1_150' title='bbox 98 1305 306 1356; x_wconf 87' lang='lat' dir='ltr'>adscripta</span> <span class='ocrx_word' id='word_1_151' title='bbox 337 1317 420 1343; x_wconf 68' lang='lat' dir='ltr'>uox</span> <span class='ocrx_word' id='word_1_152' title='bbox 450 1303 642 1344; x_wconf 82' lang='lat' dir='ltr'>NOSCE</span> <span class='ocrx_word' id='word_1_153' title='bbox 674 1304 760 1343; x_wconf 79' lang='lat' dir='ltr'>TE.</span> <span class='ocrx_word' id='word_1_154' title='bbox 824 1305 922 1356; x_wconf 89' lang='lat' dir='ltr'>quid</span> <span class='ocrx_word' id='word_1_155' title='bbox 954 1310 1017 1343; x_wconf 88' lang='lat' dir='ltr'>est</span> <span class='ocrx_word' id='word_1_156' title='bbox 1048 1304 1206 1343; x_wconf 77' lang='lat' dir='ltr'>homo?</span> <span class='ocrx_word' id='word_1_157' title='bbox 1250 1296 1437 1356; x_wconf 87' lang='lat' dir='ltr'>quolibet</span> <span class='ocrx_word' id='word_1_158' title='bbox 1468 1317 1618 1357; x_wconf 85' lang='lat' dir='ltr'>quassu</span> <span class='ocrx_word' id='word_1_159' title='bbox 1650 1318 1723 1343; x_wconf 88' lang='lat' dir='ltr'>uas</span> 
     </span>
    </p>
   </div>
   <div class='ocr_carea' id='block_1_6' title="bbox 94 1374 1722 1853">
    <p class='ocr_par' dir='ltr' id='par_1_7' title="bbox 94 1374 1722 1853">
     <span class='ocr_line' id='line_1_19' title="bbox 98 1374 1722 1427; baseline 0 -13"><span class='ocrx_word' id='word_1_160' title='bbox 98 1380 139 1414; x_wconf 87' lang='lat' dir='ltr'>et</span> <span class='ocrx_word' id='word_1_161' title='bbox 180 1374 366 1427; x_wconf 86' lang='lat' dir='ltr'>quolibet</span> <span class='ocrx_word' id='word_1_162' title='bbox 410 1374 553 1426; x_wconf 82' lang='lat' dir='ltr'>fragile</span> <span class='ocrx_word' id='word_1_163' title='bbox 584 1376 748 1414; x_wconf 84' lang='lat' dir='ltr'>iactatu.</span> <span class='ocrx_word' id='word_1_164' title='bbox 810 1389 894 1414; x_wconf 90' lang='lat' dir='ltr'>non</span> <span class='ocrx_word' id='word_1_165' title='bbox 926 1380 1179 1427; x_wconf 88' lang='lat' dir='ltr'>tempestate</span> <span class='ocrx_word' id='word_1_166' title='bbox 1211 1388 1386 1426; x_wconf 87' lang='lat' dir='ltr'>magna,</span> <span class='ocrx_word' id='word_1_167' title='bbox 1429 1380 1471 1414; x_wconf 93' lang='lat' dir='ltr'>ut</span> <span class='ocrx_word' id='word_1_168' title='bbox 1504 1375 1722 1427; x_wconf 88' lang='lat' dir='ltr'>dissiperis,</span> 
     </span>
     <span class='ocr_line' id='line_1_20' title="bbox 98 1445 1719 1498; baseline 0.001 -14"><span class='ocrx_word' id='word_1_169' title='bbox 98 1451 160 1485; x_wconf 87' lang='lat' dir='ltr'>est</span> <span class='ocrx_word' id='word_1_170' title='bbox 203 1459 318 1498; x_wconf 87' lang='lat' dir='ltr'>opus.</span> <span class='ocrx_word' id='word_1_171' title='bbox 379 1446 629 1498; x_wconf 88' lang='lat' dir='ltr'>ubicumque</span> <span class='ocrx_word' id='word_1_172' title='bbox 671 1446 926 1493; x_wconf 86' lang='lat' dir='ltr'>arietaueris,</span> <span class='ocrx_word' id='word_1_173' title='bbox 970 1445 1151 1485; x_wconf 89' lang='lat' dir='ltr'>solueris.</span> <span class='ocrx_word' id='word_1_174' title='bbox 1214 1447 1312 1498; x_wconf 90' lang='lat' dir='ltr'>quid</span> <span class='ocrx_word' id='word_1_175' title='bbox 1355 1451 1417 1485; x_wconf 90' lang='lat' dir='ltr'>est</span> <span class='ocrx_word' id='word_1_176' title='bbox 1461 1445 1619 1485; x_wconf 82' lang='lat' dir='ltr'>homo?</span> <span class='ocrx_word' id='word_1_177' title='bbox 1663 1446 1719 1485; x_wconf 89' lang='lat' dir='ltr'>in-</span> 
     </span>
     <span class='ocr_line' id='line_1_21' title="bbox 97 1516 1721 1571; baseline 0.001 -16"><span class='ocrx_word' id='word_1_178' title='bbox 97 1516 289 1556; x_wconf 90' lang='lat' dir='ltr'>becillum</span> <span class='ocrx_word' id='word_1_179' title='bbox 323 1530 472 1569; x_wconf 88' lang='lat' dir='ltr'>corpus</span> <span class='ocrx_word' id='word_1_180' title='bbox 505 1523 546 1556; x_wconf 89' lang='lat' dir='ltr'>et</span> <span class='ocrx_word' id='word_1_181' title='bbox 578 1517 742 1568; x_wconf 80' lang='lat' dir='ltr'>fragile,</span> <span class='ocrx_word' id='word_1_182' title='bbox 776 1518 954 1564; x_wconf 79' lang='lat' dir='ltr'>nudum,</span> <span class='ocrx_word' id='word_1_183' title='bbox 986 1523 1133 1571; x_wconf 86' lang='lat' dir='ltr'>suapte</span> <span class='ocrx_word' id='word_1_184' title='bbox 1167 1524 1312 1557; x_wconf 86' lang='lat' dir='ltr'>natura</span> <span class='ocrx_word' id='word_1_185' title='bbox 1344 1519 1521 1564; x_wconf 89' lang='lat' dir='ltr'>inerme,</span> <span class='ocrx_word' id='word_1_186' title='bbox 1565 1516 1721 1556; x_wconf 85' lang='lat' dir='ltr'>alienae</span> 
     </span>
     <span class='ocr_line' id='line_1_22' title="bbox 97 1587 1721 1641; baseline 0.001 -16"><span class='ocrx_word' id='word_1_187' title='bbox 97 1588 188 1639; x_wconf 88' lang='lat' dir='ltr'>opis</span> <span class='ocrx_word' id='word_1_188' title='bbox 219 1588 419 1639; x_wconf 73' lang='lat' dir='ltr'>indigens,</span> <span class='ocrx_word' id='word_1_189' title='bbox 451 1588 504 1626; x_wconf 89' lang='lat' dir='ltr'>ad</span> <span class='ocrx_word' id='word_1_190' title='bbox 537 1588 671 1627; x_wconf 90' lang='lat' dir='ltr'>omnis</span> <span class='ocrx_word' id='word_1_191' title='bbox 703 1587 893 1627; x_wconf 87' lang='lat' dir='ltr'>fortunae</span> <span class='ocrx_word' id='word_1_192' title='bbox 926 1587 1197 1627; x_wconf 87' lang='lat' dir='ltr'>contumelias</span> <span class='ocrx_word' id='word_1_193' title='bbox 1219 1589 1464 1641; x_wconf 89' lang='lat' dir='ltr'>proiectum,</span> <span class='ocrx_word' id='word_1_194' title='bbox 1497 1601 1592 1627; x_wconf 88' lang='lat' dir='ltr'>cum</span> <span class='ocrx_word' id='word_1_195' title='bbox 1612 1587 1721 1626; x_wconf 92' lang='lat' dir='ltr'>bene</span> 
     </span>
     <span class='ocr_line' id='line_1_23' title="bbox 94 1657 1721 1711; baseline 0.001 -14"><span class='ocrx_word' id='word_1_196' title='bbox 94 1657 272 1697; x_wconf 89' lang='lat' dir='ltr'>lacertos</span> <span class='ocrx_word' id='word_1_197' title='bbox 305 1659 511 1705; x_wconf 87' lang='lat' dir='ltr'>exercuit,</span> <span class='ocrx_word' id='word_1_198' title='bbox 555 1658 769 1698; x_wconf 91' lang='lat' dir='ltr'>cuiuslibet</span> <span class='ocrx_word' id='word_1_199' title='bbox 802 1657 912 1698; x_wconf 89' lang='lat' dir='ltr'>ferae</span> <span class='ocrx_word' id='word_1_200' title='bbox 943 1658 1165 1711; x_wconf 88' lang='lat' dir='ltr'>pabulum,</span> <span class='ocrx_word' id='word_1_201' title='bbox 1208 1659 1423 1698; x_wconf 88' lang='lat' dir='ltr'>cuiuslibet</span> <span class='ocrx_word' id='word_1_202' title='bbox 1455 1659 1633 1706; x_wconf 87' lang='lat' dir='ltr'>uictima,</span> <span class='ocrx_word' id='word_1_203' title='bbox 1666 1672 1721 1698; x_wconf 92' lang='lat' dir='ltr'>ex</span> 
     </span>
     <span class='ocr_line' id='line_1_24' title="bbox 95 1728 1720 1781; baseline 0 -13"><span class='ocrx_word' id='word_1_204' title='bbox 95 1728 263 1768; x_wconf 89' lang='lat' dir='ltr'>infirmis</span> <span class='ocrx_word' id='word_1_205' title='bbox 305 1728 522 1781; x_wconf 90' lang='lat' dir='ltr'>fluidisque</span> <span class='ocrx_word' id='word_1_206' title='bbox 563 1735 809 1768; x_wconf 87' lang='lat' dir='ltr'>contextum</span> <span class='ocrx_word' id='word_1_207' title='bbox 853 1737 891 1769; x_wconf 89' lang='lat' dir='ltr'>et</span> <span class='ocrx_word' id='word_1_208' title='bbox 936 1730 1193 1769; x_wconf 87' lang='lat' dir='ltr'>lineamentis</span> <span class='ocrx_word' id='word_1_209' title='bbox 1226 1729 1501 1769; x_wconf 86' lang='lat' dir='ltr'>exterioribus</span> <span class='ocrx_word' id='word_1_210' title='bbox 1533 1730 1720 1776; x_wconf 87' lang='lat' dir='ltr'>nitidum,</span> 
     </span>
     <span class='ocr_line' id='line_1_25' title="bbox 94 1798 1718 1853; baseline 0.001 -15"><span class='ocrx_word' id='word_1_211' title='bbox 94 1798 276 1851; x_wconf 82' lang='lat' dir='ltr'>frigoriS,</span> <span class='ocrx_word' id='word_1_212' title='bbox 297 1805 478 1848; x_wconf 64' lang='lat' dir='ltr'>aestus,</span> <span class='ocrx_word' id='word_1_213' title='bbox 523 1800 676 1840; x_wconf 89' lang='lat' dir='ltr'>laboris</span> <span class='ocrx_word' id='word_1_214' title='bbox 709 1801 932 1853; x_wconf 87' lang='lat' dir='ltr'>inpatiens,</span> <span class='ocrx_word' id='word_1_215' title='bbox 975 1801 1065 1853; x_wconf 90' lang='lat' dir='ltr'>ipso</span> <span class='ocrx_word' id='word_1_216' title='bbox 1098 1814 1234 1840; x_wconf 89' lang='lat' dir='ltr'>rursus</span> <span class='ocrx_word' id='word_1_217' title='bbox 1267 1802 1344 1840; x_wconf 91' lang='lat' dir='ltr'>situ</span> <span class='ocrx_word' id='word_1_218' title='bbox 1377 1807 1418 1840; x_wconf 90' lang='lat' dir='ltr'>et</span> <span class='ocrx_word' id='word_1_219' title='bbox 1451 1801 1537 1840; x_wconf 92' lang='lat' dir='ltr'>otio</span> <span class='ocrx_word' id='word_1_220' title='bbox 1570 1801 1718 1839; x_wconf 88' lang='lat' dir='ltr'>iturum</span> 
     </span>
    </p>
   </div>
   <div class='ocr_carea' id='block_1_7' title="bbox 93 1993 1720 2697">
    <p class='ocr_par' dir='ltr' id='par_1_8' title="bbox 93 1993 1720 2402">
     <span class='ocr_line' id='line_1_26' title="bbox 96 1993 1719 2036; baseline -0.001 -9"><span class='ocrx_word' id='word_1_221' title='bbox 96 1995 111 2027; x_wconf 83' lang='lat' dir='ltr'>¹l</span> <span class='ocrx_word' id='word_1_222' title='bbox 142 1995 226 2026; x_wconf 87' lang='lat' dir='ltr'>uaris</span> <span class='ocrx_word' id='word_1_223' title='bbox 346 1994 365 2027; x_wconf 78' lang='grc'>3</span> <span class='ocrx_word' id='word_1_224' title='bbox 393 1995 484 2036; x_wconf 63' lang='lat' dir='ltr'>penis</span> <span class='ocrx_word' id='word_1_225' title='bbox 511 1998 541 2026; x_wconf 85' lang='lat' dir='ltr'>et</span> <span class='ocrx_word' id='word_1_226' title='bbox 568 1995 610 2035; x_wconf 88' lang='lat' dir='ltr'>(et</span> <span class='ocrx_word' id='word_1_227' title='bbox 636 2005 655 2028; x_wconf 77' lang='lat' dir='ltr'>e</span> <span class='ocrx_word' id='word_1_228' title='bbox 681 1995 791 2036; x_wconf 77' lang='lat' dir='ltr'>corr.)</span> <span class='ocrx_word' id='word_1_229' title='bbox 914 1996 1033 2026; x_wconf 88' lang='lat' dir='ltr'>errabit</span> <span class='ocrx_word' id='word_1_230' title='bbox 1062 1993 1279 2029; x_wconf 72' lang='lat' dir='ltr'>deteriores:</span> <span class='ocrx_word' id='word_1_231' title='bbox 1310 1995 1426 2025; x_wconf 84' lang='lat' dir='ltr'>errauit</span> <span class='ocrx_word' id='word_1_232' title='bbox 1557 1996 1575 2026; x_wconf 71' lang='lat' dir='ltr'>ii</span> <span class='ocrx_word' id='word_1_233' title='bbox 1602 1995 1655 2036; x_wconf 88' lang='lat' dir='ltr'>qui</span> <span class='ocrx_word' id='word_1_234' title='bbox 1682 2006 1719 2025; x_wconf 82' lang='lat' dir='ltr'>ea</span> 
     </span>
     <span class='ocr_line' id='line_1_27' title="bbox 93 2050 1720 2098; baseline -0.002 -12"><span class='ocrx_word' id='word_1_235' title='bbox 93 2051 262 2098; x_wconf 52' lang='lat' dir='ltr'>Madm&#39;gh</span> <span class='ocrx_word' id='word_1_236' title='bbox 298 2054 350 2094; x_wconf 86' lang='lat' dir='ltr'>qui</span> <span class='ocrx_word' id='word_1_237' title='bbox 386 2050 601 2086; x_wconf 67' lang='lat' dir='ltr'>Pincianus:</span> <span class='ocrx_word' id='word_1_238' title='bbox 630 2064 713 2095; x_wconf 83' lang='lat' dir='ltr'>quae</span> <span class='ocrx_word' id='word_1_239' title='bbox 873 2053 887 2087; x_wconf 75' lang='grc' dir='ltr'><em>ἶ</em></span> <span class='ocrx_word' id='word_1_240' title='bbox 922 2058 1025 2085; x_wconf 86' lang='lat' dir='ltr'>metus</span> <span class='ocrx_word' id='word_1_241' title='bbox 1060 2052 1194 2098; x_wconf 58' lang='lat' dir='ltr'>Neam:</span> <span class='ocrx_word' id='word_1_242' title='bbox 1230 2053 1347 2084; x_wconf 82' lang='lat' dir='ltr'>multos</span> <span class='ocrx_word' id='word_1_243' title='bbox 1500 2055 1639 2095; x_wconf 78' lang='lat' dir='ltr'>pectoris</span> <span class='ocrx_word' id='word_1_244' title='bbox 1673 2054 1720 2084; x_wconf 77' lang='lat' dir='ltr'>uis</span> 
     </span>
     <span class='ocr_line' id='line_1_28' title="bbox 94 2110 1714 2158; baseline -0.002 -12"><span class='ocrx_word' id='word_1_245' title='bbox 94 2110 267 2158; x_wconf 73' lang='lat' dir='ltr'>Madm&#39;q:</span> <span class='ocrx_word' id='word_1_246' title='bbox 296 2116 407 2154; x_wconf 84' lang='lat' dir='ltr'>pectus</span> <span class='ocrx_word' id='word_1_247' title='bbox 542 2112 563 2140; x_wconf 59' lang='lat' dir='ltr'>S</span> <span class='ocrx_word' id='word_1_248' title='bbox 588 2117 661 2143; x_wconf 85' lang='lat' dir='ltr'>tuae</span> <span class='ocrx_word' id='word_1_249' title='bbox 687 2110 743 2145; x_wconf 57' lang='lat' dir='ltr'>EQ</span> <span class='ocrx_word' id='word_1_250' title='bbox 877 2113 1029 2154; x_wconf 87' lang='lat' dir='ltr'>publicae</span> <span class='ocrx_word' id='word_1_251' title='bbox 1042 2124 1133 2154; x_wconf 74' lang='lat' dir='ltr'>÷÷÷que</span> <span class='ocrx_word' id='word_1_252' title='bbox 1274 2112 1293 2145; x_wconf 76' lang='grc'>9</span> <span class='ocrx_word' id='word_1_253' title='bbox 1321 2113 1472 2143; x_wconf 77' lang='lat' dir='ltr'>mortales</span> <span class='ocrx_word' id='word_1_254' title='bbox 1500 2110 1714 2146; x_wconf 76' lang='lat' dir='ltr'>deteriores:</span> 
     </span>
     <span class='ocr_line' id='line_1_29' title="bbox 93 2169 1718 2216; baseline -0.001 -14"><span class='ocrx_word' id='word_1_255' title='bbox 93 2172 308 2213; x_wconf 82' lang='lat' dir='ltr'>mortalesque</span> <span class='ocrx_word' id='word_1_256' title='bbox 335 2171 424 2207; x_wconf 78' lang='lat' dir='ltr'>(ras.</span> <span class='ocrx_word' id='word_1_257' title='bbox 452 2169 518 2204; x_wconf 79' lang='lat' dir='ltr'>sub</span> <span class='ocrx_word' id='word_1_258' title='bbox 545 2171 618 2212; x_wconf 82' lang='lat' dir='ltr'>que)</span> <span class='ocrx_word' id='word_1_259' title='bbox 765 2172 868 2202; x_wconf 75' lang='lat' dir='ltr'>causis</span> <span class='ocrx_word' id='word_1_260' title='bbox 895 2172 1029 2202; x_wconf 84' lang='lat' dir='ltr'>morbos</span> <span class='ocrx_word' id='word_1_261' title='bbox 1055 2170 1133 2206; x_wconf 82' lang='lat' dir='ltr'>cod,</span> <span class='ocrx_word' id='word_1_262' title='bbox 1161 2172 1265 2203; x_wconf 80' lang='lat' dir='ltr'>carnis</span> <span class='ocrx_word' id='word_1_263' title='bbox 1291 2172 1410 2202; x_wconf 88' lang='lat' dir='ltr'>morbo</span> <span class='ocrx_word' id='word_1_264' title='bbox 1437 2169 1589 2216; x_wconf 72' lang='lat' dir='ltr'>Madm&#39;q</span> <span class='ocrx_word' id='word_1_265' title='bbox 1616 2172 1718 2202; x_wconf 72' lang='lat' dir='ltr'>causis</span> 
     </span>
     <span class='ocr_line' id='line_1_30' title="bbox 94 2228 1719 2275; baseline -0.001 -14"><span class='ocrx_word' id='word_1_266' title='bbox 94 2231 283 2271; x_wconf 83' lang='lat' dir='ltr'>morborum</span> <span class='ocrx_word' id='word_1_267' title='bbox 306 2228 424 2269; x_wconf 71' lang='lat' dir='ltr'>Gertz,</span> <span class='ocrx_word' id='word_1_268' title='bbox 451 2240 544 2274; x_wconf 77' lang='lat' dir='ltr'>quae</span> <span class='ocrx_word' id='word_1_269' title='bbox 566 2229 615 2262; x_wconf 76' lang='lat' dir='ltr'>ita</span> <span class='ocrx_word' id='word_1_270' title='bbox 633 2240 703 2263; x_wconf 72' lang='lat' dir='ltr'>non</span> <span class='ocrx_word' id='word_1_271' title='bbox 727 2228 871 2274; x_wconf 71' lang='lat' dir='ltr'>placent</span> <span class='ocrx_word' id='word_1_272' title='bbox 898 2235 935 2263; x_wconf 77' lang='lat' dir='ltr'>ut</span> <span class='ocrx_word' id='word_1_273' title='bbox 961 2230 1036 2275; x_wconf 71' lang='lat' dir='ltr'>ipse</span> <span class='ocrx_word' id='word_1_274' title='bbox 1054 2240 1195 2275; x_wconf 75' lang='lat' dir='ltr'>quoque</span> <span class='ocrx_word' id='word_1_275' title='bbox 1220 2230 1263 2263; x_wconf 77' lang='lat' dir='ltr'>iis</span> <span class='ocrx_word' id='word_1_276' title='bbox 1281 2229 1480 2264; x_wconf 72' lang='lat' dir='ltr'>adsenciam</span> <span class='ocrx_word' id='word_1_277' title='bbox 1507 2230 1570 2274; x_wconf 72' lang='lat' dir='ltr'>qui</span> <span class='ocrx_word' id='word_1_278' title='bbox 1585 2231 1719 2261; x_wconf 79' lang='lat' dir='ltr'>morbos</span> 
     </span>
     <span class='ocr_line' id='line_1_31' title="bbox 94 2291 1717 2343; baseline -0.001 -15"><span class='ocrx_word' id='word_1_279' title='bbox 94 2294 404 2339; x_wconf 74' lang='lat' dir='ltr'>interpretamenti</span> <span class='ocrx_word' id='word_1_280' title='bbox 443 2304 554 2328; x_wconf 79' lang='lat' dir='ltr'>causa</span> <span class='ocrx_word' id='word_1_281' title='bbox 593 2292 816 2339; x_wconf 75' lang='lat' dir='ltr'>adscriptum</span> <span class='ocrx_word' id='word_1_282' title='bbox 858 2305 936 2329; x_wconf 79' lang='lat' dir='ltr'>esse</span> <span class='ocrx_word' id='word_1_283' title='bbox 969 2298 1097 2339; x_wconf 75' lang='lat' dir='ltr'>putent</span> <span class='ocrx_word' id='word_1_284' title='bbox 1244 2295 1285 2328; x_wconf 72' lang='lat'>10</span> <span class='ocrx_word' id='word_1_285' title='bbox 1320 2291 1470 2343; x_wconf 56' lang='lat' dir='ltr'>repetita}</span> <span class='ocrx_word' id='word_1_286' title='bbox 1613 2295 1717 2326; x_wconf 79' lang='lat' dir='ltr'>solida</span> 
     </span>
     <span class='ocr_line' id='line_1_32' title="bbox 95 2353 1591 2402; baseline 0.001 -12"><span class='ocrx_word' id='word_1_287' title='bbox 95 2360 127 2401; x_wconf 86' lang='lat' dir='ltr'>(a</span> <span class='ocrx_word' id='word_1_288' title='bbox 153 2360 264 2398; x_wconf 73' lang='lat' dir='ltr'>corr.)</span> <span class='ocrx_word' id='word_1_289' title='bbox 401 2358 436 2392; x_wconf 82' lang='grc'>11</span> <span class='ocrx_word' id='word_1_290' title='bbox 465 2353 606 2400; x_wconf 74' lang='lat' dir='ltr'>ge&#39;stasse</span> <span class='ocrx_word' id='word_1_291' title='bbox 634 2358 666 2402; x_wconf 88' lang='lat' dir='ltr'>(e</span> <span class='ocrx_word' id='word_1_292' title='bbox 691 2363 856 2393; x_wconf 69' lang='lat' dir='ltr'>extrema</span> <span class='ocrx_word' id='word_1_293' title='bbox 883 2359 993 2402; x_wconf 78' lang='lat' dir='ltr'>corr.)</span> <span class='ocrx_word' id='word_1_294' title='bbox 1133 2360 1167 2393; x_wconf 69' lang='lat'>12</span> <span class='ocrx_word' id='word_1_295' title='bbox 1195 2361 1257 2391; x_wconf 84' lang='lat' dir='ltr'>hue</span> <span class='ocrx_word' id='word_1_296' title='bbox 1284 2358 1498 2394; x_wconf 72' lang='lat' dir='ltr'>Pincianus:</span> <span class='ocrx_word' id='word_1_297' title='bbox 1529 2361 1591 2392; x_wconf 82' lang='lat' dir='ltr'>hoe</span> 
     </span>
    </p>

    <p class='ocr_par' dir='ltr' id='par_1_9' title="bbox 94 2416 1718 2697">
     <span class='ocr_line' id='line_1_33' title="bbox 103 2416 1718 2463; baseline 0.002 -13"><span class='ocrx_word' id='word_1_298' title='bbox 103 2418 138 2450; x_wconf 77' lang='lat'>13</span> <span class='ocrx_word' id='word_1_299' title='bbox 165 2419 196 2449; x_wconf 89' lang='lat' dir='ltr'>in</span> <span class='ocrx_word' id='word_1_300' title='bbox 224 2419 356 2449; x_wconf 84' lang='lat' dir='ltr'>theatris</span> <span class='ocrx_word' id='word_1_301' title='bbox 383 2416 461 2453; x_wconf 76' lang='lat' dir='ltr'>cod.</span> <span class='ocrx_word' id='word_1_302' title='bbox 488 2419 520 2449; x_wconf 88' lang='lat' dir='ltr'>in</span> <span class='ocrx_word' id='word_1_303' title='bbox 547 2419 678 2450; x_wconf 82' lang='lat' dir='ltr'>theatris</span> <span class='ocrx_word' id='word_1_304' title='bbox 705 2419 828 2450; x_wconf 82' lang='lat' dir='ltr'>desidet</span> <span class='ocrx_word' id='word_1_305' title='bbox 855 2417 912 2452; x_wconf 63' lang='grc' dir='ltr'>Εἰ</span> <span class='ocrx_word' id='word_1_306' title='bbox 946 2419 1085 2460; x_wconf 88' lang='lat' dir='ltr'>(plaudit</span> <span class='ocrx_word' id='word_1_307' title='bbox 1112 2417 1263 2463; x_wconf 73' lang='lat' dir='ltr'>Maduiq</span> <span class='ocrx_word' id='word_1_308' title='bbox 1290 2424 1413 2461; x_wconf 83' lang='lat' dir='ltr'>spectat</span> <span class='ocrx_word' id='word_1_309' title='bbox 1442 2418 1563 2463; x_wconf 78' lang='lat' dir='ltr'>Gertz)</span> <span class='ocrx_word' id='word_1_310' title='bbox 1597 2419 1645 2463; x_wconf 80' lang='lat' dir='ltr'>cf.</span> <span class='ocrx_word' id='word_1_311' title='bbox 1674 2419 1718 2453; x_wconf 75' lang='lat' dir='ltr'>de</span> 
     </span>
     <span class='ocr_line' id='line_1_34' title="bbox 94 2475 1717 2516; baseline 0.001 -6"><span class='ocrx_word' id='word_1_312' title='bbox 94 2476 154 2512; x_wconf 71' lang='lat' dir='ltr'>uit.</span> <span class='ocrx_word' id='word_1_313' title='bbox 182 2476 283 2511; x_wconf 77' lang='lat' dir='ltr'>beaca</span> <span class='ocrx_word' id='word_1_314' title='bbox 311 2478 353 2510; x_wconf 75' lang='lat'>28</span> <span class='ocrx_word' id='word_1_315' title='bbox 486 2476 529 2510; x_wconf 66' lang='lat'>14</span> <span class='ocrx_word' id='word_1_316' title='bbox 556 2478 717 2509; x_wconf 81' lang='lat' dir='ltr'>ueneraris</span> <span class='ocrx_word' id='word_1_317' title='bbox 742 2475 886 2512; x_wconf 75' lang='lat' dir='ltr'>seclusi!</span> <span class='ocrx_word' id='word_1_318' title='bbox 912 2476 1060 2511; x_wconf 73' lang='lat' dir='ltr'>Fickert</span> <span class='ocrx_word' id='word_1_319' title='bbox 1192 2478 1231 2511; x_wconf 78' lang='lat'>15</span> <span class='ocrx_word' id='word_1_320' title='bbox 1260 2479 1355 2516; x_wconf 73' lang='lat' dir='ltr'>iubet,</span> <span class='ocrx_word' id='word_1_321' title='bbox 1383 2478 1462 2512; x_wconf 78' lang='lat' dir='ltr'>item</span> <span class='ocrx_word' id='word_1_322' title='bbox 1489 2490 1551 2510; x_wconf 82' lang='lat' dir='ltr'>uox</span> <span class='ocrx_word' id='word_1_323' title='bbox 1577 2477 1717 2512; x_wconf 67' lang='lat' dir='ltr'>addidit</span> 
     </span>
     <span class='ocr_line' id='line_1_35' title="bbox 94 2533 1715 2580; baseline 0 -12"><span class='ocrx_word' id='word_1_324' title='bbox 94 2533 170 2571; x_wconf 47' lang='lat' dir='ltr'>EQ</span> <span class='ocrx_word' id='word_1_325' title='bbox 208 2545 285 2569; x_wconf 79' lang='lat' dir='ltr'>cum</span> <span class='ocrx_word' id='word_1_326' title='bbox 313 2533 500 2580; x_wconf 72' lang='lat' dir='ltr'>Madm&#39;yio</span> <span class='ocrx_word' id='word_1_327' title='bbox 530 2536 679 2568; x_wconf 84' lang='lat' dir='ltr'>uidelicet</span> <span class='ocrx_word' id='word_1_328' title='bbox 714 2540 892 2580; x_wconf 76' lang='lat' dir='ltr'>tamquam</span> <span class='ocrx_word' id='word_1_329' title='bbox 926 2546 974 2570; x_wconf 70' lang='lat' dir='ltr'>ecc</span> <span class='ocrx_word' id='word_1_330' title='bbox 1000 2546 1088 2570; x_wconf 82' lang='lat' dir='ltr'>uoce</span> <span class='ocrx_word' id='word_1_331' title='bbox 1123 2537 1208 2568; x_wconf 84' lang='lat' dir='ltr'>iubet</span> <span class='ocrx_word' id='word_1_332' title='bbox 1243 2537 1338 2580; x_wconf 86' lang='lat' dir='ltr'>(uid.)</span> <span class='ocrx_word' id='word_1_333' title='bbox 1374 2540 1492 2571; x_wconf 75' lang='lat' dir='ltr'>ortum</span> <span class='ocrx_word' id='word_1_334' title='bbox 1527 2536 1715 2571; x_wconf 76' lang='lat' dir='ltr'>delendum</span> 
     </span>
     <span class='ocr_line' id='line_1_36' title="bbox 94 2593 1716 2639; baseline -0.001 -12"><span class='ocrx_word' id='word_1_335' title='bbox 94 2604 182 2635; x_wconf 76' lang='lat' dir='ltr'>esse,</span> <span class='ocrx_word' id='word_1_336' title='bbox 205 2593 397 2639; x_wconf 73' lang='lat' dir='ltr'>probabile</span> <span class='ocrx_word' id='word_1_337' title='bbox 422 2604 491 2628; x_wconf 85' lang='lat' dir='ltr'>non</span> <span class='ocrx_word' id='word_1_338' title='bbox 519 2598 573 2628; x_wconf 80' lang='lat' dir='ltr'>est</span> <span class='ocrx_word' id='word_1_339' title='bbox 708 2595 743 2627; x_wconf 67' lang='lat' dir='ltr'><em>w</em></span> <span class='ocrx_word' id='word_1_340' title='bbox 770 2606 867 2627; x_wconf 80' lang='lat' dir='ltr'>nosce</span> <span class='ocrx_word' id='word_1_341' title='bbox 894 2600 923 2627; x_wconf 76' lang='lat' dir='ltr'>te</span> <span class='ocrx_word' id='word_1_342' title='bbox 949 2593 1031 2629; x_wconf 73' lang='lat' dir='ltr'>olim</span> <span class='ocrx_word' id='word_1_343' title='bbox 1058 2597 1277 2629; x_wconf 78' lang='lat' dir='ltr'>correctum:</span> <span class='ocrx_word' id='word_1_344' title='bbox 1308 2597 1396 2628; x_wconf 78' lang='lat' dir='ltr'>nosci</span> <span class='ocrx_word' id='word_1_345' title='bbox 1424 2602 1452 2627; x_wconf 84' lang='lat' dir='ltr'>te</span> <span class='ocrx_word' id='word_1_346' title='bbox 1572 2597 1716 2638; x_wconf 80' lang='lat' dir='ltr'>quolibet</span> 
     </span>
     <span class='ocr_line' id='line_1_37' title="bbox 94 2651 1716 2697; baseline 0.002 -13"><span class='ocrx_word' id='word_1_347' title='bbox 94 2664 208 2695; x_wconf 81' lang='lat' dir='ltr'>quassu</span> <span class='ocrx_word' id='word_1_348' title='bbox 238 2651 409 2697; x_wconf 65' lang='lat' dir='ltr'>Madniq:</span> <span class='ocrx_word' id='word_1_349' title='bbox 439 2654 605 2695; x_wconf 82' lang='lat' dir='ltr'>quodlibet</span> <span class='ocrx_word' id='word_1_350' title='bbox 631 2665 779 2696; x_wconf 75' lang='lat' dir='ltr'>quassum</span> <span class='ocrx_word' id='word_1_351' title='bbox 907 2654 945 2687; x_wconf 60' lang='lat' dir='ltr'>li</span> <span class='ocrx_word' id='word_1_352' title='bbox 973 2658 1002 2685; x_wconf 82' lang='lat' dir='ltr'>et</span> <span class='ocrx_word' id='word_1_353' title='bbox 1031 2655 1054 2696; x_wconf 82' lang='lat' dir='ltr'>&lt;t</span> <span class='ocrx_word' id='word_1_354' title='bbox 1082 2654 1116 2687; x_wconf 79' lang='lat' dir='ltr'>in</span> <span class='ocrx_word' id='word_1_355' title='bbox 1144 2656 1230 2695; x_wconf 80' lang='lat' dir='ltr'>ras.)</span> <span class='ocrx_word' id='word_1_356' title='bbox 1353 2653 1389 2687; x_wconf 77' lang='lat'>18</span> <span class='ocrx_word' id='word_1_357' title='bbox 1416 2666 1496 2696; x_wconf 88' lang='lat' dir='ltr'>opus</span> <span class='ocrx_word' id='word_1_358' title='bbox 1524 2662 1567 2687; x_wconf 76' lang='lat' dir='ltr'>est</span> <span class='ocrx_word' id='word_1_359' title='bbox 1597 2654 1716 2688; x_wconf 67' lang='lat' dir='ltr'>Haaxe</span> 
     </span>
    </p>
   </div>
   <div class='ocr_carea' id='block_1_8' title="bbox 197 2714 1616 2794">
    <p class='ocr_par' dir='ltr' id='par_1_10' title="bbox 197 2714 1616 2794">
     <span class='ocr_line' id='line_1_38' title="bbox 741 2714 750 2733; baseline 0 0"><span class='ocrx_word' id='word_1_360' title='bbox 741 2714 750 2733; x_wconf 86' lang='lat' dir='ltr'>t</span> 
     </span>
     <span class='ocr_line' id='line_1_39' title="bbox 197 2722 1616 2794; baseline 0.002 -17"><span class='ocrx_word' id='word_1_361' title='bbox 197 2752 240 2778; x_wconf 77' lang='lat' dir='ltr'>est</span> <span class='ocrx_word' id='word_1_362' title='bbox 269 2722 356 2747; x_wconf 84' lang='lat' dir='ltr'>homo</span> <span class='ocrx_word' id='word_1_363' title='bbox 383 2748 536 2780; x_wconf 62' lang='lat' dir='ltr'>inbecilli-1</span> <span class='ocrx_word' id='word_1_364' title='bbox 658 2748 694 2780; x_wconf 64' lang='lat' dir='ltr'>iel</span> <span class='ocrx_word' id='word_1_365' title='bbox 721 2737 868 2794; x_wconf 54' lang='lat' dir='ltr'>eisragile</span> <span class='ocrx_word' id='word_1_366' title='bbox 977 2749 1013 2781; x_wconf 62' lang='lat'>:³1</span> <span class='ocrx_word' id='word_1_367' title='bbox 1047 2749 1184 2780; x_wconf 61' lang='lat' dir='ltr'>lacertos</span> <span class='ocrx_word' id='word_1_368' title='bbox 1211 2747 1425 2783; x_wconf 69' lang='lat' dir='ltr'>deteriores:</span> <span class='ocrx_word' id='word_1_369' title='bbox 1456 2749 1616 2781; x_wconf 78' lang='lat' dir='ltr'>laceratos</span> 
     </span>
    </p>
   </div>
   <div class='ocr_carea' id='block_1_9' title="bbox 95 2809 1713 2855">
    <p class='ocr_par' dir='ltr' id='par_1_11' title="bbox 95 2809 1713 2855">
     <span class='ocr_line' id='line_1_40' title="bbox 95 2809 1713 2855; baseline -0.001 -10"><span class='ocrx_word' id='word_1_370' title='bbox 95 2822 131 2842; x_wconf 82' lang='lat' dir='ltr'>ex</span> <span class='ocrx_word' id='word_1_371' title='bbox 157 2811 292 2842; x_wconf 69' lang='lat' dir='ltr'>infirmis</span> <span class='ocrx_word' id='word_1_372' title='bbox 319 2809 536 2845; x_wconf 68' lang='lat' dir='ltr'>delerioresz</span> <span class='ocrx_word' id='word_1_373' title='bbox 575 2814 716 2844; x_wconf 67' lang='lat' dir='ltr'>exfirmis</span> <span class='ocrx_word' id='word_1_374' title='bbox 853 2813 896 2846; x_wconf 67' lang='lat'>233</span> <span class='ocrx_word' id='word_1_375' title='bbox 923 2814 1052 2855; x_wconf 82' lang='lat' dir='ltr'>frigoris</span> <span class='ocrx_word' id='word_1_376' title='bbox 1079 2811 1294 2847; x_wconf 69' lang='lat' dir='ltr'>deleriores:</span> <span class='ocrx_word' id='word_1_377' title='bbox 1332 2814 1469 2855; x_wconf 83' lang='lat' dir='ltr'>fragoris</span> <span class='ocrx_word' id='word_1_378' title='bbox 1600 2815 1713 2844; x_wconf 83' lang='lat' dir='ltr'>iturum</span> 
     </span>
    </p>
   </div>
   <div class='ocr_carea' id='block_1_10' title="bbox 94 2868 1433 2961">
    <p class='ocr_par' dir='ltr' id='par_1_12' title="bbox 94 2868 1433 2961">
     <span class='ocr_line' id='line_1_41' title="bbox 94 2868 992 2904; baseline 0.003 -5"><span class='ocrx_word' id='word_1_379' title='bbox 94 2871 125 2900; x_wconf 90' lang='lat' dir='ltr'>in</span> <span class='ocrx_word' id='word_1_380' title='bbox 151 2871 259 2901; x_wconf 80' lang='lat' dir='ltr'>tabem</span> <span class='ocrx_word' id='word_1_381' title='bbox 287 2868 502 2904; x_wconf 66' lang='lat' dir='ltr'>deteriores:</span> <span class='ocrx_word' id='word_1_382' title='bbox 533 2873 646 2902; x_wconf 83' lang='lat' dir='ltr'>iturum</span> <span class='ocrx_word' id='word_1_383' title='bbox 674 2876 702 2902; x_wconf 85' lang='lat' dir='ltr'>et</span> <span class='ocrx_word' id='word_1_384' title='bbox 730 2873 801 2904; x_wconf 81' lang='lat' dir='ltr'>otiu</span> <span class='ocrx_word' id='word_1_385' title='bbox 831 2873 861 2902; x_wconf 90' lang='lat' dir='ltr'>in</span> <span class='ocrx_word' id='word_1_386' title='bbox 890 2873 992 2903; x_wconf 73' lang='lat' dir='ltr'>tabe-x-</span> 
     </span>
     <span class='ocr_line' id='line_1_42' title="bbox 1385 2931 1433 2961; baseline -0.042 0"><span class='ocrx_word' id='word_1_387' title='bbox 1385 2931 1433 2961; x_wconf 69' lang='grc'><strong>11*</strong></span> 
     </span>
    </p>
   </div>
   <div class='ocr_carea' id='block_1_11' title="bbox 1744 540 1759 563">
    <p class='ocr_par' dir='ltr' id='par_1_13' title="bbox 1744 540 1759 563">
     <span class='ocr_line' id='line_1_43' title="bbox 1744 540 1759 563; baseline 0 -2"><span class='ocrx_word' id='word_1_388' title='bbox 1744 540 1759 563; x_wconf 78' lang='grc'>5</span> 
     </span>
    </p>
   </div>
   <div class='ocr_carea' id='block_1_12' title="bbox 1748 890 1776 915">
    <p class='ocr_par' dir='ltr' id='par_1_14' title="bbox 1748 890 1776 915">
     <span class='ocr_line' id='line_1_44' title="bbox 1748 890 1776 915; baseline -0.036 0"><span class='ocrx_word' id='word_1_389' title='bbox 1748 890 1776 915; x_wconf 80' lang='lat'>10</span> 
     </span>
    </p>
   </div>
   <div class='ocr_carea' id='block_1_13' title="bbox 1746 1244 1776 1268">
    <p class='ocr_par' dir='ltr' id='par_1_15' title="bbox 1746 1244 1776 1268">
     <span class='ocr_line' id='line_1_45' title="bbox 1746 1244 1776 1268; baseline 0.033 -1"><span class='ocrx_word' id='word_1_390' title='bbox 1746 1244 1776 1268; x_wconf 81' lang='lat'>15</span> 
     </span>
    </p>
   </div>
   <div class='ocr_carea' id='block_1_14' title="bbox 1740 1598 1773 1623">
    <p class='ocr_par' dir='ltr' id='par_1_16' title="bbox 1740 1598 1773 1623">
     <span class='ocr_line' id='line_1_46' title="bbox 1740 1598 1773 1623; baseline -0.03 0"><span class='ocrx_word' id='word_1_391' title='bbox 1740 1598 1773 1623; x_wconf 81' lang='lat'>20</span> 
     </span>
    </p>
   </div>
  </div>
 </body>
</html>
