2008 3221
154 828 185 852 10

157 1187 185 1211 15

157 1541 189 1565 20

159 1895 192 1919 25

200 83 254 121 24
560 77 664 102 DIAL.
692 77 730 103 II.
758 76 812 101 AD
839 75 1026 103 SERENVM
1052 75 1131 101 NEC
1158 75 1346 101 lNIVRIAM
1373 75 1453 102 NEC

200 184 244 217 ut
275 176 449 216 alterum
483 175 569 214 sine
601 173 732 214 altero
766 187 856 212 esse
888 173 1031 224 possit,
1074 168 1249 212 alte'rum
1283 173 1368 212 sine
1401 172 1532 213 altero
1565 187 1648 212 non
1680 174 1823 226 possit.

200 248 314 300 quod
359 247 451 286 dico
496 245 682 284 conabor
720 243 856 282 facere
894 243 1170 283 manifestum.
1242 257 1413 295 possum
1455 245 1586 297 pedes
1640 258 1822 292 mouere,

202 325 246 357 ut
287 332 370 357 non
414 321 599 355 curram:
648 327 810 354 currere
855 328 940 353 non
978 327 1170 366 possum,
1213 320 1257 353 ut
1298 316 1430 367 pedes
1470 307 1561 354 'non
1616 328 1823 355 moueam.

202 402 385 442 possum,
418 386 607 439 quamuis
638 386 678 424 in
710 399 818 437 aqua
849 385 937 433 sim,
971 399 1055 424 non
1099 390 1265 424 natare:
1311 386 1343 424 si
1376 391 1494 434 nato,
1537 400 1620 425 non
1653 399 1825 438 possum

202 460 240 498 in
273 472 379 510 aqua
421 471 503 496 non
538 470 638 495 esse.
712 469 765 494 ex
809 455 887 494 hac
928 461 1040 495 sorte
1080 462 1121 495 et
1162 455 1245 495 hoc
1289 462 1351 495 est
1383 457 1437 495 de
1469 471 1554 509 quo
1587 457 1730 509 agitur.
1794 457 1825 496 si

202 529 383 569 iniuriam
418 528 569 580 accepi,
612 540 781 566 necesse
819 532 882 566 est
924 526 1077 566 factam
1120 540 1220 566 6556.
1285 527 1346 565 sin
1385 533 1448 566 est
1482 527 1601 575 facta,
1642 541 1726 566 non
1765 533 1828 566 est

203 613 371 639 necesse
403 599 611 650 accepisse
644 612 723 638 me.
787 597 918 637 multa
950 598 1057 637 enim
1092 598 1273 637 incidere
1304 604 1481 650 possunt
1503 612 1610 650 quae
1642 613 1827 639 summo-

204 676 326 711 ueant
359 670 555 709 iniuriam.
607 675 650 708 ut
682 669 928 708 intentatam
963 682 1131 708 manum
1167 669 1329 708 deicere
1361 668 1505 721 aliquis
1538 683 1656 709 casus
1688 676 1829 723 potest

205 749 245 782 et
287 742 437 781 emissa
475 739 559 779 tela
591 739 818 788 declinare,
862 740 917 779 ita
948 740 1110 779 iniurias
1148 739 1475 792 qualescumque
1505 746 1655 793 potest
1694 741 1829 793 aliqua

206 828 268 853 res
302 812 500 865 repellere
533 817 573 851 et
605 812 643 850 in
677 812 817 851 medio
850 812 1104 863 intercipere,
1137 817 1181 850 ut
1204 817 1245 851 et
1268 811 1400 851 sactae
1422 811 1501 851 sint
1524 825 1600 851 1166
1622 817 1830 864 acceptae.

322 883 435 922 VIII.
499 883 717 922 Praeterea
758 883 909 922 iustitia
947 882 1043 921 nihil
1084 882 1279 922 iniustum
1312 883 1396 934 pati
1428 888 1590 935 potest,
1622 883 1717 934 quia
1748 897 1832 922 non

206 960 356 994 coeunt
388 954 603 992 contraria.
666 954 807 992 iniuria
838 959 979 993 autem
1013 967 1096 993 non
1129 959 1269 1006 potest
1302 952 1387 993 fieri
1419 954 1492 992 nisi
1525 953 1690 993 iniuste:
1729 967 1831 1005 ergo

205 1025 376 1078 sapienti
410 1025 550 1063 iniuria
582 1038 666 1064 non
708 1030 851 1076 potest
890 1024 986 1064 fieri.
1059 1038 1135 1063 nec
1178 1030 1240 1064 est
1273 1025 1388 1077 quod
1422 1025 1600 1072 mireris,
1642 1025 1673 1063 si
1707 1038 1832 1064 nemo

206 1097 257 1136 illi
290 1102 430 1148 potest
463 1095 647 1134 iniuriam
681 1095 845 1134 facere:
891 1109 943 1135 ne
975 1096 1177 1148 prodesse
1218 1096 1386 1148 quidem
1427 1095 1646 1148 quisquam
1679 1101 1832 1147 potest.

207 1173 248 1206 et
280 1166 453 1219 sapienti
488 1165 584 1205 nihil
618 1167 737 1206 deest
760 1166 875 1218 quod
908 1167 1095 1219 accipere
1128 1167 1259 1219 possit
1282 1167 1376 1206 loco
1401 1167 1593 1214 muneris,
1626 1172 1668 1206 et
1701 1166 1834 1206 malus

207 1238 301 1278 nihil
334 1243 474 1291 potest
516 1237 689 1289 dignum
731 1237 913 1277 tribuere
955 1239 1153 1290 sapiente.
1216 1237 1372 1277 habere
1416 1238 1524 1277 enim
1564 1238 1675 1290 prius
1708 1237 1835 1277 debet

206 1323 330 1362 quam
375 1309 485 1348 dare.
554 1308 650 1347 nihil
702 1314 843 1348 autem
895 1308 1025 1348 habet
1066 1309 1181 1361 quod
1221 1309 1274 1348 ad
1317 1323 1361 1348 se
1412 1308 1618 1348 transferri
1671 1309 1836 1361 sapiens

209 1381 421 1433 gauisurus
455 1380 515 1419 sit.
579 1393 663 1418 non
695 1385 836 1432 potest
869 1394 971 1432 ergo
990 1380 1222 1432 'quisquam
1263 1386 1333 1419 aut
1377 1393 1528 1419 nocere
1560 1379 1734 1432 sapienti
1766 1385 1836 1419 aut
1862 1388 1866 1397 ⁴

208 1452 421 1504 prodesse,
454 1451 651 1503 quoniam
685 1451 823 1490 diuina
855 1465 931 1490 nec
964 1451 1090 1490 iuuari
1123 1451 1359 1491 desiderant
1391 1464 1468 1490 nec
1508 1450 1616 1490 laedi
1648 1456 1836 1503 possunt.

211 1523 373 1575 sapiens
397 1528 535 1562 autem
561 1522 715 1561 uicinus
737 1523 1040 1574 proximusque
1065 1522 1126 1561 dis
1150 1522 1347 1569 consistit,
1381 1527 1562 1574 excepta
1578 1521 1838 1562 mortalitate

210 1593 349 1633 similis
382 1594 475 1632 deo.
508 1593 562 1632 ad
594 1592 662 1632 illa
694 1593 827 1632 nitens
859 1606 1123 1646 pergensque
1156 1592 1344 1641 excelsa,
1379 1593 1589 1640 ordinata,
1623 1592 1838 1645 intrepida,

211 1664 369 1716 aequali
403 1670 444 1703 et
477 1664 675 1704 concordi
708 1678 828 1703 cursu
861 1663 1048 1712 fluentia,
1081 1677 1247 1712 secura,
1281 1663 1482 1716 benigna,
1526 1666 1638 1703 bono
1671 1663 1838 1716 publico

212 1741 323 1782 nata,
357 1742 398 1774 et
429 1735 504 1774 sibi
538 1741 580 1774 ct
612 1734 697 1774 aliis
730 1734 923 1774 salutaria
955 1734 1051 1774 nihil
1084 1734 1238 1774 humile
1272 1735 1548 1787 concupiscet,
1582 1734 1679 1773 nihil
1714 1734 1839 1774 flebit.

212 1810 279 1858 qui
313 1806 457 1845 rationi
490 1806 653 1845 innixus
684 1820 759 1858 per
801 1806 1007 1845 humanos
1050 1819 1168 1844 casus
1203 1805 1343 1845 diuino
1376 1806 1528 1845 incedit
1561 1806 1722 1853 animo,
1756 1819 1840 1844 non

212 1877 340 1916 habet
363 1878 473 1916 unde
505 1877 677 1929 accipiat
710 1877 907 1916 iniuriam.
971 1876 1024 1915 ab
1047 1876 1216 1915 homine
1246 1889 1313 1915 1116
1336 1882 1500 1916 tantum
1524 1876 1660 1916 dicere
1692 1879 1841 1929 putas?

213 1962 264 1987 ne
297 1962 321 1986 a
352 1947 515 1986 fortuna
548 1949 738 2000 quidem,
782 1961 889 2000 quae
934 1947 1126 1999 quotiens
1166 1961 1261 1987 611111
1303 1948 1454 1988 uirtute
1502 1961 1727 2000 congressa
1769 1953 1842 1995 est,

214 2032 440 2070 numquam
476 2033 548 2072 par
571 2019 747 2059 recessit.
807 2019 840 2058 si
872 2019 1105 2058 maximum
1138 2017 1248 2066 illud,
1283 2018 1389 2057 ultra
1421 2019 1537 2070 quod
1560 2017 1656 2057 nihil
1686 2018 1843 2058 habent

214 2090 339 2129 iratae
372 2089 484 2141 leges
517 2104 565 2129 ac
596 2090 823 2130 saeuissimi
856 2090 1013 2129 domini
1045 2090 1160 2141 quod
1195 2090 1411 2138 minentur,
1444 2090 1483 2129 in
1515 2103 1600 2141 quo
1624 2089 1841 2142 imperium

214 2174 333 2199 suum
386 2159 549 2200 fortuna
601 2161 819 2209 consumit,
872 2174 1008 2213 aequo
1060 2159 1307 2212 placidoque
1350 2161 1490 2200 animo
1534 2159 1758 2212 accipimus
1802 2165 1844 2200 et

217 2315 236 2343 ti
264 2314 417 2343 in÷÷iuria
547 2314 594 2343 ⁴<in
622 2311 740 2346 Koch:
771 2326 826 2344 511(-
971 2317 991 2347 15
1019 2314 1210 2345 intentatam
1238 2324 1368 2344 manum
1397 2311 1474 2346 cod.
1497 2311 1660 2346 Grnlere':
1691 2313 1846 2344 intentata

217 2383 313 2403 manu
427 2375 445 2402 5⁸
467 2373 608 2403 innuis-<21
630 2370 734 2405 Gertz
841 2373 851 2405 1
869 2372 879 2405 ’1
908 2372 1229 2417 interpwzclz'onem
1248 2383 1269 2405 a
1288 2370 1458 2405 Fe'clcerto
1480 2371 1660 2406 turbatam
1683 2371 1820 2412 (mireris
1838 2384 1843 2402 :

218 2432 242 2461 si
263 2458 269 2464 .
290 2459 296 2466 .
318 2431 434 2470 facere,
457 2431 507 2474 ne)
529 2431 683 2464 restituit
704 2430 808 2465 Gertz
887 2433 929 2463 illi
949 2435 1054 2474 potest
1072 2429 1149 2465 cod.
1171 2435 1277 2473 potest
1297 2431 1342 2462 illi
1361 2429 1470 2475 mdyo
1553 2431 1588 2462 15»
1614 2431 1846 2471 lssdisspossunt

289 2540 333 2570 ⁴3⁴*
361 2537 408 2567 ὡς
506 2538 543 2569 ’31
577 2538 665 2583 :uilla
763 2540 806 2571 ¹32¹,
834 2535 966 2569 humilia
1071 2538 1110 2571 *23
1141 2537 1460 2581 interpum·!e'0ncm
1487 2535 1689 2570 emendans!
1719 2534 1849 2574 Gertz,-

215 2607 287 2650 sm'l
314 2608 401 2639 nebit
427 2609 478 2648 <lui
501 2635 507 2641 ,
530 2636 536 2641 ,
557 2634 563 2639 ,
593 2609 718 2642 animo,
746 2620 810 2639 non
915 2610 1034 2640 incedit
1061 2607 1195 2654 Nea]].:
1226 2610 1351 2640 incedet
1457 2608 1500 2641 *35*
1528 2608 1611 2638 unde
1630 2604 1844 2640 Pincianus:

219 2680 271 2710 ubi
417 2681 461 2711 ‘3¹3
496 2666 743 2709 as‹›rtu11a‘¹¹¹¹'¹‘''
766 2691 826 2720 que
972 2676 1101 2721 thiens
1246 2680 1290 2712 *38
1325 2680 1410 2721 quod
1444 2679 1604 2709 minentur
1630 2676 1844 2711 I'e'ncianus:

221 2737 414 2791 nuntiantur
441 2749 569 2783 omissa
596 2751 681 2790 ‹luwl
709 2749 870 2794 (lm-acle}-
894 2755 1029 2794 pentola
1057 2762 1095 2782 ne
1112 2749 1395 2795 szqmrscrl'pcecm
1422 2759 1499 2783 esse
1524 2747 1678 2788 uidetur,
1706 2752 1743 2781 ut
1768 2746 1849 2792 ipsa

221 2819 346 2842 manus
373 2808 488 2842 altera
516 2811 672 2840 minentur
700 2807 855 2842 uoluisse
884 2808 1066 2851 uideatur)

1863 1386 1881 1418 lv
