1977 3231
74 1606 96 1640 10

74 2098 96 2132 4

615 158 718 185 DIAL.
742 158 791 185 1v.
826 159 878 184 DE
900 159 966 184 IRA
988 159 1059 186 Lm.
1082 160 1118 186 11.
1159 163 1271 188 17—121.
1701 168 1754 205 69

126 261 383 307 temperatus
425 256 476 294 sit
518 256 681 308 sapiens
726 263 767 295 et
809 257 863 296 ad
905 270 969 296 res
1003 256 1147 296 fortius
1179 259 1365 309 agendas
1398 272 1482 298 non.
1515 260 1636 306 iram,
1678 259 1755 298 sed

126 327 209 365 uim
242 325 449 365 adhibeat.

244 395 396 435 XVIII.
441 395 653 448 Quoniam
696 410 802 449 quae
845 397 899 436 de
930 397 988 436 ira
1020 403 1273 449 quaeruntur
1304 400 1594 448 tractauinms,
1637 412 1752 439 acce-

124 465 272 506 damus
304 466 359 505 ad
381 467 564 506 remedia
586 467 682 505 eius.
735 468 820 506 duo
843 472 995 515 autem,
1029 473 1073 507 ut
1096 469 1256 520 opinor,
1287 475 1405 508 sunt:
1453 483 1504 508 ne
1526 470 1755 509 incidamus

123 538 163 576 in
204 537 306 576 iram
349 542 390 575 et
432 550 484 575 ne
530 537 570 575 in
612 538 671 576 ira
711 551 945 590 peccemus.
1008 543 1052 576 ut
1094 538 1134 576 in
1176 551 1400 590 corporum
1447 553 1543 579 cura
1584 539 1662 579 alia
1701 541 1754 580 de

123 607 280 646 tuenda
321 601 693 655 ualetudine‚‘alia
736 609 789 647 de
831 608 1087 647 restituenda
1128 615 1352 662 praecepta
1393 616 1508 657 sunt,
1550 611 1606 649 ita
1638 609 1755 649 aliter

123 678 226 717 iram
259 677 464 717 debemus
496 677 710 730 repellere,
753 678 871 717 aliter
903 691 1163 730 conpescere.
1227 685 1271 718 ut
1303 679 1502 728 uitemus,
1545 681 1754 732 quaedam

124 749 179 787 ad
217 749 451 788 uniuersam
494 749 622 788 uitam
654 749 902 801 pertinentia
932 749 1247 801 praecipientur.
1310 762 1359 789 ea
1390 750 1429 788 in
1462 751 1754 790 educationem

124 824 165 858 et
196 819 236 858 in
269 819 482 871 sequentia
514 824 708 871 tempora
740 819 986 860 diuidentur.

241 888 448 929 Educatio
490 890 722 929 maximam
762 889 1017 941 diligentiam
1050 888 1356 942 plurimumque
1387 889 1647 943 profuturam
1681 892 1751 931 de-

123 959 287 1000 siderat.
339 959 457 999 facile
489 965 552 999 est
575 960 684 999 enim
707 966 875 1000 teneros
897 959 1035 999 adhuc
1062 961 1224 1000 animos
1253 974 1503 1014 conponere,
1537 960 1756 1001 difficulter

122 1030 499 1078 recidunturuitia,
531 1043 638 1082 quae
668 1030 887 1070 nobiscum
920 1036 1149 1070 creuerunt.

240 1100 355 1158 XIX.
422 1099 760 1153 Oportunissima
791 1101 847 1141 ad
878 1102 1134 1140 iracundiam
1168 1101 1311 1141 feruidi
1343 1103 1468 1141 animi
1501 1108 1648 1142 natura
1681 1108 1744 1141 est

122 1185 219 1211 nam
262 1185 357 1210 cum
399 1171 607 1211 elementa
648 1172 728 1210 sint
769 1177 988 1224 quattuor,
1040 1172 1166 1222 ignis,
1222 1185 1376 1224 aquae,
1429 1173 1554 1221 aeris,
1606 1178 1754 1220 terrae,

121 1247 354 1294 potestates
385 1255 506 1295 pares
537 1241 599 1281 his
631 1247 747 1290 sunt,
789 1242 968 1291 feruida,
1000 1241 1160 1294 frigida,
1193 1243 1308 1282 arida
1340 1248 1465 1294 atque
1497 1243 1648 1282 umida.
1711 1249 1753 1282 et

122 1312 312 1352 locorum
355 1312 495 1365 itaque
537 1318 578 1351 et
620 1311 859 1352 animalium
904 1318 946 1352 et
991 1326 1214 1365 corporum
1259 1319 1300 1353 et
1339 1327 1503 1352 morum
1537 1314 1758 1353 uarietates

123 1383 306 1423 mixtura
359 1382 663 1422 elementorum
716 1382 819 1423 facit·
855 1389 896 1422 et
937 1383 1112 1436 proinde
1156 1383 1293 1436 aliquo
1339 1385 1473 1436 magis
1514 1384 1759 1423 incumbunt

122 1454 296 1506 ingenia,
327 1458 452 1506 prout
484 1452 651 1493 alicuius
684 1453 879 1493 elementi
902 1454 1034 1493 maior
1057 1454 1116 1493 uis
1139 1453 1379 1494 abundauit.
1430 1455 1527 1493 inde
1550 1455 1754 1507 quasdam

123 1524 286 1563 umidas
318 1538 518 1564 uocamus
551 1526 767 1578 aridasque
799 1526 991 1577 regiones
1024 1531 1065 1564 et
1100 1524 1255 1565 calidas
1287 1531 1329 1565 et
1361 1525 1540 1578 frigidas.
1603 1526 1754 1565 eadem

123 1593 362 1634 animalium
403 1594 706 1647 hominumque
750 1596 985 1635 discrimina
1017 1602 1137 1635 sunt:
1194 1595 1318 1635 refert
1350 1603 1551 1648 quantum
1584 1597 1756 1648 quisque

123 1665 252 1704 umidi
283 1666 322 1704 in
354 1678 400 1704 se
431 1664 634 1718 calidique
666 1666 888 1705 contineat.
931 1666 1043 1705 cuius
1076 1666 1116 1704 in
1148 1664 1216 1705 illo
1240 1665 1434 1706 elementi
1465 1666 1604 1718 portio
1636 1679 1754 1718 prae-

123 1735 298 1784 ualebit,
331 1736 429 1775 inde
462 1749 601 1775 mores
635 1742 764 1776 erunt.
826 1737 1046 1776 iracundos
1079 1735 1238 1776 feruida
1269 1737 1394 1776 animi
1426 1743 1573 1776 natura
1604 1736 1751 1776 faciet:

101 1812 186 1851 &est
218 1805 326 1845 enim
361 1811 558 1845 actuosus
590 1812 631 1845 et
662 1808 855 1859 pertinax
887 1807 1002 1859 ignis.
1065 1805 1200 1858 frigidi
1232 1807 1414 1846 mixtura
1441 1807 1612 1846 timidos
1634 1806 1751 1846 facit:

123 1877 288 1929 pigrum
327 1882 390 1916 est
430 1877 538 1916 enim
573 1882 919 1929 contractumque
951 1876 1088 1928 frigus.
1151 1876 1296 1916 uolunt
1327 1878 1466 1930 itaque
1498 1878 1668 1929 quidam
1701 1891 1756 1917 ex

121 1948 273 1986 nostris
316 1947 418 1986 iram
460 1947 500 1986 in
542 1952 717 1999 pectore
758 1947 917 1986 moueri
960 1947 1259 1987 efferuescente
1302 1948 1409 1987 circa
1441 1960 1512 1986 cor
1543 1948 1752 1999 sanguine.
1796 1965 1803 1969 ·

122 2031 246 2057 causa
279 2031 349 2056 cur
380 2016 447 2056 hic
478 2017 741 2069 potissimum
774 2018 1017 2070 adsignetur
1048 2019 1131 2057 irae
1158 2017 1274 2057 locus
1306 2031 1393 2057 non
1420 2017 1499 2057 alia
1521 2024 1595 2066 est,
1628 2031 1754 2070 quam

123 2088 238 2140 quod
269 2088 308 2127 in
340 2093 432 2127 toto
467 2101 646 2140 corpore
678 2088 972 2128 calidissimum
1004 2098 1150 2141 pectus
1183 2094 1257 2128 est.
1320 2088 1468 2141 quibus
1503 2089 1632 2128 umidi
1663 2088 1755 2141 plus

122 2158 248 2206 inest,
291 2171 437 2198 eorum
469 2157 669 2210 paulatim
703 2159 850 2198 crescit
882 2159 950 2207 ira,
984 2159 1079 2211 quia
1110 2172 1194 2198 non
1227 2164 1291 2198 est
1322 2164 1490 2212 paratus
1523 2158 1598 2198 illis
1631 2159 1753 2207 calor,

122 2228 198 2268 sed
241 2234 359 2268 motu
401 2229 640 2281 adquiritur.
702 2229 840 2281 itaque
883 2243 1110 2282 puerorum
1154 2228 1483 2282 feminarumque
1525 2230 1608 2270 irae
1641 2243 1753 2269 acres

123 2440 143 2471 (ἱ
170 2435 199 2469 d'
229 2439 344 2470 tuenda
373 2435 417 2479 (d'
446 2438 480 2471 in
508 2438 596 2480 ras.)
749 2438 762 2471 ἶ
796 2449 1002 2480 conpescere.
1039 2442 1069 2469 ut
1096 2439 1250 2478 uitemus,
1277 2439 1440 2481 quaedam
1467 2437 1619 2484 BIadue'q
1646 2439 1754 2473 inler-

115 2495 264 2542 pzmoez'l,
283 2495 392 2540 uulqo
412 2508 619 2538 conpescere,
647 2501 678 2528 ut
696 2498 842 2529 uitemus.
878 2497 1037 2538 quaedam
1141 2496 1180 2529 13
1208 2498 1494 2549 Opportunissima
1594 2498 1635 2530 lli)
1663 2504 1754 2540 pote<

122 2571 218 2598 states
245 2566 364 2611 (prior
389 2578 413 2606 S,
440 2577 533 2611 quae
558 2571 611 2601 est
636 2568 669 2601 in
693 2567 767 2610 fine
792 2576 930 2610 uersus,
958 2565 1087 2609 deleta)
1189 2554 1320 2598 humida
1435 2567 1476 2600 1:
1504 2569 1640 2599 mixtura
1669 2568 1754 2611 (ras.

116 2640 204 2682 post
229 2637 291 2670 ie'n
306 2637 380 2681 fine
397 2638 538 2680 uersus)
637 2639 745 2680 aliquo
772 2635 945 2682 Illadm'q:
974 2637 1134 2678 inaliquos
1242 2638 1284 2671 'w
1313 2625 1461 2669 humidas
1558 2638 1596 2672 21
1630 2625 1754 2670 humidi

265 2696 403 2738 calidiq;
446 2695 529 2740 (fuit
562 2697 639 2739 call)
793 2698 836 2730 ‘233
870 2697 947 2727 facit
982 2706 1060 2729 cum
1097 2694 1240 2730 Gerlze'o
1275 2695 1420 2730 uidetur
1454 2707 1530 2731 esse
1564 2695 1754 2731 delendum

241 2755 284 2788 ¹213
319 2757 612 2796 pectore-*moueri
741 2757 969 2787 efferuescente
996 2753 1214 2789 deteriores:
1251 2756 1470 2788 efferuescenti
1598 2757 1754 2797 sanguine

125 2813 197 2854 (san
222 2812 258 2846 in
283 2814 372 2853 ras.)
493 2813 537 2847 Ξῖ
563 2814 688 2845 humidi
716 2812 801 2857 (fail
826 2814 942 2855 umidi)
1065 2814 1109 2846 ‘23³
1137 2814 1311 2855 acquiritur
1338 2814 1369 2857 (c
1397 2824 1446 2848 ex
1472 2815 1493 2846 d
1519 2815 1630 2856 corr.)

124 2871 170 2902 ire
196 2871 228 2914 (e
255 2871 364 2913 corr.)

1778 904 1808 929 10

1778 1255 1806 1281 15

1776 1606 1809 1630 20
