1977 3231
243 161 404 190 [HAL.1L
432 149 487 198 AB
514 165 698 193 SERENVM
721 168 1044 199 NECINIVR.NEC
1065 172 1644 209 CONTVMEL.ACCHRSAP.1.H.
1703 188 1748 225 17

88 255 108 287 3
135 257 240 296 redit
282 257 373 298 lene
415 259 631 313 fastigium.
697 280 827 319 nuper
875 283 967 309 cum
1024 272 1229 313 incidisset
1275 276 1430 316 mentio
1474 278 1528 317 M.
1574 278 1753 329 Catonis,

75 1458 94 1490 10

134 326 300 379 indigne
331 328 503 380 ferebas,
537 334 639 374 sicut
673 351 715 375 es
749 338 968 391 iniquitatis
1000 342 1213 394 inpatiens,
1252 348 1366 397 quod
1401 347 1606 389 Catonem
1639 358 1754 390 aetas

133 410 207 436 sua
239 411 383 450 parum
417 402 697 455 intellexisset,
730 409 843 460 quod
876 425 1000 463 supra
1021 413 1245 466 Pompeios
1279 423 1319 455 et
1351 417 1548 460 Caesares
1580 436 1750 475 surgen-

132 473 217 507 tem
262 469 363 510 infra
395 472 584 514 Vatinios
626 479 842 529 posuisset.
906 489 947 521 et
989 483 1062 522 tibi
1104 485 1316 538 indignum
1357 491 1594 541 uidebatur,
1637 495 1750 546 quod

132 537 184 576 illi
227 540 461 582 dissuasuro
504 544 640 597 legem
675 555 775 601 toga
808 552 843 590 in
878 551 969 592 foro
1003 562 1111 595 esset
1143 565 1286 610 erepta
1324 563 1521 614 quodque
1553 578 1577 603 a
1610 566 1750 606 rostris

130 622 260 661 usque
292 613 346 650 ad
379 626 519 654 arcum
552 616 782 659 Fabianum
816 635 889 673 per
920 625 1141 666 seditiosae
1181 628 1366 670 factionis
1400 646 1545 673 manus
1577 637 1751 675 traditus

130 693 255 719 uoces
297 682 492 734 inprobas
535 693 576 726 et
617 696 738 741 sputa
771 698 811 732 et
843 694 978 734 omnis
1021 696 1119 736 alias
1151 699 1317 740 insanae
1351 703 1618 745 multitudinis
1651 720 1747 746 con-

129 751 318 791 tumelias
351 755 594 806 pertulisset.

245 822 292 863 ΙΙ.
326 823 435 864 Tum
479 840 558 879 ego
604 833 799 883 respondi
842 833 997 876 habere
1035 843 1093 885 te,
1136 843 1251 892 quod
1295 843 1540 895 reipublicae
1581 849 1749 888 nomine

127 894 364 942 mouereris,
397 910 521 948 quam
556 899 649 940 hinc
681 902 722 940 P.
758 903 938 954 Clodius,
971 907 1065 948 hinc
1100 910 1287 952 Vatinius
1325 928 1373 953 ac
1404 917 1606 968 pessimus
1639 920 1745 971 quis-

125 975 206 1013 que
239 967 552 1008 uenumdabant
595 978 636 1010 et
679 986 801 1013 caeca
843 978 1066 1029 cupiditate
1109 985 1289 1036 correpti
1326 1000 1409 1025 non
1452 988 1748 1042 intellegebant

124 1045 169 1070 se
201 1034 301 1073 dum
335 1038 520 1078 uendunt
559 1048 600 1080 et
640 1045 799 1084 uenire:
847 1061 923 1099 pro
966 1051 1056 1101 ipso
1088 1053 1256 1104 quidem
1291 1055 1452 1097 Catone
1483 1067 1673 1100 securum
1706 1068 1747 1102 te

125 1115 214 1142 esse
257 1105 361 1145 iussi.
426 1109 578 1150 nullam
632 1114 740 1153 enim
783 1118 1013 1169 sapientem
1067 1136 1144 1162 nec
1195 1124 1379 1167 iniuriam
1432 1131 1619 1183 accipere
1670 1147 1747 1173 nec

124 1176 418 1217 contumeliam
461 1194 606 1232 posse,
651 1183 856 1226 Catonem
908 1197 1047 1230 autem
1091 1195 1240 1234 certius
1294 1199 1511 1252 exemplar
1552 1204 1746 1255 sapientis

124 1245 194 1283 uiri
237 1247 358 1287 nobis
399 1249 502 1290 deos
554 1253 793 1297 inmortales
837 1260 1001 1301 dedisse
1052 1278 1177 1316 quam
1222 1267 1377 1308 Vlixen
1429 1278 1471 1311 et
1518 1272 1743 1315 Herculem

122 1316 326 1367 prioribus
358 1322 542 1362 saeculis.
605 1325 682 1365 hos
725 1329 834 1368 enim
867 1330 995 1372 Stoici
1039 1337 1168 1375 nostri
1207 1339 1413 1391 sapientes
1454 1345 1743 1394 pronuntiaue-

122 1393 226 1435 runt,
259 1389 431 1431 inuictos
454 1391 677 1444 laboribus,
711 1405 1026 1454 contemptores
1050 1406 1274 1459 uoluptatis
1298 1417 1338 1449 et
1361 1413 1536 1452 uictores
1558 1417 1744 1455 omnium

121 1461 338 1499 terrorum.
402 1461 511 1502 Cato
554 1479 637 1504 non
680 1481 774 1508 cum
820 1470 914 1511 feris
947 1488 1093 1514 manus
1135 1479 1330 1529 contulit,
1373 1496 1475 1533 quas
1518 1488 1745 1526 consectari

122 1531 328 1569 uenatoris
370 1535 628 1588 agrestisque
670 1545 752 1587 est,
794 1555 871 1581 nec
913 1552 1100 1586 monstra
1141 1549 1234 1600 igne
1273 1565 1321 1590 ac
1363 1552 1470 1592 ferro
1502 1564 1743 1607 persecutus

120 1603 193 1646 est,
225 1613 302 1639 nec
333 1602 371 1641 in
404 1617 452 1642 ea
484 1612 677 1660 tempora
708 1610 862 1659 incidit,
894 1615 1043 1666 quibus
1076 1619 1185 1657 credi
1224 1630 1367 1672 posset
1399 1624 1559 1665 caelum
1594 1629 1743 1667 umeris

122 1669 239 1708 unius
271 1671 393 1711 inniti.
439 1688 615 1717 excussa
637 1679 716 1719 iam
741 1683 908 1735 antiqua
930 1687 1173 1728 credulitate
1196 1697 1237 1730 et
1259 1694 1424 1733 saeculo
1457 1697 1510 1735 ad
1532 1711 1741 1738 summam

117 1740 321 1790 perducto
354 1743 580 1786 sollertiam
615 1762 708 1789 cum
742 1753 900 1793 ambitu
939 1769 1208 1809 congressus,
1252 1763 1492 1805 multiformi
1524 1768 1655 1817 malo,
1699 1776 1740 1808 et

117 1822 211 1849 cum
253 1815 466 1863 potentiae
509 1817 695 1859 inmensa
737 1824 983 1875 cupiditate,
1034 1843 1159 1880 quam
1203 1838 1316 1873 totus
1358 1836 1469 1875 orbis
1511 1838 1616 1878 inter
1656 1846 1739 1880 tres

118 1880 270 1920 diuisus
311 1885 458 1924 satiare
500 1902 585 1927 non
623 1897 812 1942 poterat,
855 1896 1054 1938 aduersus
1097 1901 1192 1941 uitia
1235 1904 1406 1945 ciuitatis
1449 1909 1738 1960 degenerantis

117 1955 158 1988 et
191 1965 357 2003 pessum
391 1969 464 1996 sua
498 1959 610 1999 mole
632 1962 801 2003 sidentis
834 1968 947 2007 stetit
976 1969 1088 2009 solus
1121 1978 1161 2011 et
1184 1974 1404 2015 cadentem
1428 1980 1738 2031 rempublicam,

117 2028 318 2072 quantum
352 2028 484 2066 modo
518 2043 597 2069 una
630 2034 780 2073 retrahi
809 2050 933 2076 manu
956 2046 1133 2091 poterat,
1167 2046 1308 2094 tenuit,
1341 2048 1476 2087 donec
1509 2050 1740 2092 abstractus

114 2184 134 2216 ‘2
168 2186 338 2227 impatiens
459 2191 477 2221 Γ)
505 2203 523 2222 a
551 2192 658 2225 rostriq
686 2196 714 2234 (5
741 2208 782 2230 m.
809 2202 882 2243 pr.)
1012 2204 1021 2237 ἶ
1053 2206 1185 2247 impbas
1312 2211 1350 2242 w
1376 2210 1512 2245 uatiniuS
1541 2216 1568 2257 (s
1597 2226 1639 2248 m.
1664 2218 1737 2260 pr.)

236 2245 273 2278 11
302 2250 542 2282 uenumdabant
573 2251 696 2287 Gertz:
727 2260 945 2292 uenumdabat
1067 2263 1120 2297 De
1145 2267 1320 2302 oraliom's
1342 2269 1466 2313 forma
1491 2273 1586 2316 confi
1615 2274 1658 2308 de
1683 2275 1738 2308 ira

114 2302 145 2342 2,
174 2303 227 2342 20,
256 2306 274 2336 2
303 2307 480 2340 calentibus
509 2311 840 2352 ingeniis-subtrahas
866 2319 986 2360 uinum,
1014 2325 1100 2363 quod
1127 2327 1232 2366 pueris
1264 2330 1446 2369 negandum
1474 2333 1565 2364 Plato
1593 2339 1680 2374 putat
1708 2340 1737 2366 et

113 2361 219 2401 ignem
255 2369 337 2395 uetat
375 2367 448 2407 igne
482 2369 606 2401 incitari
739 2381 767 2405 et
794 2387 871 2416 ceca
899 2383 943 2414 (et
971 2391 987 2411 c
1014 2380 1048 2413 in
1075 2393 1161 2426 ras„
1186 2384 1228 2417 -2'n
1256 2387 1417 2432 711(c›·(sim’
1441 2401 1460 2421 >
1482 2402 1558 2422 ceca
1585 2403 1627 2425 m.
1649 2394 1736 2435 rec.)

319 2422 441 2449 l.uendi

236 2457 274 2490 l?
301 2463 330 2490 et
349 2462 456 2493 uenire
483 2468 681 2508 (suprascr.
710 2478 753 2500 m.
773 2471 859 2508 rec.)
973 2479 1120 2507 catone*
1250 2481 1285 2512 11'.
1313 2483 1432 2514 nullam
1462 2483 1587 2519 Gertz:
1616 2488 1733 2519 nullum

234 2551 272 2583 13
301 2553 493 2588 immortalis
625 2560 665 2593 lli
700 2563 794 2593 seclis
932 2567 966 2600 ΙῙ
999 2569 1172 2611 uoluptatis
1207 2578 1237 2604 et
1271 2576 1408 2608 uictores
1444 2578 1493 2613 (in
1528 2580 1616 2621 ras.)

114 2607 156 2639 is·
182 2612 336 2642 terrorum
364 2611 526 2658 Lipsius:
556 2622 709 2651 terrarum
827 2623 866 2655 w
895 2623 1057 2673 uenatoria
1088 2630 1120 2667 (a
1147 2640 1190 2665 m.
1218 2631 1289 2672 all„
1316 2638 1478 2667 uenatoris
1513 2638 1546 2671 in
1574 2640 1736 2684 marqe'm’

111 2676 155 2699 m.
174 2668 260 2709 rec.)
383 2672 427 2705 ¹21)
453 2675 526 2708 cell-1
655 2665 792 2711 humeris
905 2685 942 2717 ’31
976 2687 1067 2718 inniti
1087 2699 1234 2724 excussa.
1247 2718 1253 2725 .
1267 2719 1273 2725 .
1293 2693 1484 2728 sollertiam.
1506 2708 1577 2728 cum
1606 2698 1736 2743 ‘nul-(so,⁸

111 2734 232 2758 ueram
260 2727 578 2773 iuterptmctionem
604 2746 696 2779 quae
721 2742 777 2771 est
801 2740 834 2772 in
861 2741 915 2775 ed.
936 2743 1048 2789 Neap.
1069 2749 1254 2787 reuocauit
1281 2750 1389 2785 Gertz
1509 2756 1616 2787 seculo

1282 2808 1299 2832 h

111 2818 154 2850 53¹3
181 2820 323 2852 sollertia
436 2825 478 2858 ‘231
507 2828 587 2859 inter
613 2835 673 2861 tres
706 2830 909 2879 U'oelffll'n:
941 2838 1035 2868 intres
1149 2841 1191 2874 ‘2ss
1220 2846 1313 2875 retrai
1435 2849 1651 2880 -2-absnnctus
1683 2850 1731 2883 (iu

114 2886 227 2921 many.
255 2889 297 2913 m.
318 2891 387 2917 rec.
414 2884 462 2915 ÷l
488 2888 644 2930 arreptus)

1429 2966 1448 2996 2

1773 938 1801 962 10

1768 1290 1797 1315 15

1763 1642 1797 1668 20

1759 1995 1792 2021 25
