1977 3231
371 189 373 191 Ι
430 158 531 184 DIAL.
555 158 602 185 Vl.
645 158 697 183 Ab
720 158 906 184 MARCIAM
929 158 980 183 DE
1002 156 1322 184 CONSOLATIONE.
1364 158 1404 183 10.
1649 160 1725 197 143

1217 202 1248 227 l

106 255 404 308 abfuturosque
437 255 537 293 dum
571 255 730 302 uiuent,
764 268 848 293 non
881 254 1048 301 flemus,
1091 254 1281 306 quamuis
1312 253 1449 292 omnis
1481 267 1577 292 usus
1610 252 1729 291 nobis

107 325 269 365 illorum
313 339 406 365 cum
450 331 672 377 conspectu
716 331 882 378 ereptus
924 325 996 364 sit:
1049 325 1188 377 opinio
1233 330 1295 364 est
1337 338 1460 376 ergO,
1504 337 1611 375 quac
1653 337 1729 363 nos

107 396 257 435 cruciat
300 401 340 435 et
382 396 483 435 tanti
525 397 723 448 quodque
767 396 919 435 malum
953 402 1036 443 cst,
1079 396 1219 447 quanti
1252 395 1349 434 illud
1380 395 1628 434 taxauimus.
1692 394 1729 432 in

107 472 248 506 nostra
296 472 505 518 potestate
548 467 776 506 remedium
820 466 1044 505 habemus:
1097 466 1326 505 iudicemus
1366 465 1456 504 illos
1499 464 1647 504 abesse
1689 470 1730 504 ct

107 543 273 576 nosmet
306 537 379 589 ipsi
411 536 609 576 fallamus.
673 537 901 576 dimisimus
934 535 1034 583 illos,
1067 536 1196 575 immo
1229 536 1487 575 consecuturi
1520 535 1728 588 praemisi-
1751 547 1764 569 τι

61 620 77 646 ·,
107 621 209 647 mus.
274 613 416 646 mouet
449 614 490 647 et
523 607 621 646 illud
653 606 889 658 lugentem:
927 620 1010 645 non
1044 607 1119 646 erit
1151 607 1219 658 qui
1252 619 1320 645 me
1352 605 1572 653 defendat,
1616 606 1731 658 quia

107 684 352 731 contemptu
395 678 585 718 uindicet.
650 684 693 717 ut
736 678 904 717 minime
936 677 1161 730 probabili,
1201 678 1275 717 sed
1309 690 1408 716 uero
1441 676 1594 716 solacio
1628 682 1730 723 utar,

106 750 144 788 in
178 749 341 788 ciuitate
373 755 515 788 nostra
547 749 637 802 plus
670 749 828 801 gratiae
860 748 1016 787 orbitas
1046 748 1206 788 confert
1228 762 1354 800 quam
1378 747 1505 800 eripit,
1539 748 1730 799 adeoque

105 825 364 859 senectutem
396 820 600 876 solitudo'¹
643 832 749 871 quae
781 819 944 858 solebat
978 820 1212 866 destruere,
1256 818 1309 858 ad
1342 818 1572 871 potentiam
1606 817 1730 865 (lucit,

108 898 151 930 ut
193 891 361 942 quidam
407 891 503 929 odia
544 889 718 929 filiorum
762 889 954 929 simulent
987 895 1028 928 et
1061 889 1212 928 liberos
1245 891 1402 928 ciurent
1434 895 1475 928 ct
1507 888 1729 927 orbitatem

60 968 79 999 :⁷3
109 974 232 1000 manu
264 960 423 999 faciant.
491 961 576 1000 scio
610 961 708 1013 quid
741 962 876 1000 dicas:
924 974 1007 999 non
1042 966 1212 999 mouent
1246 973 1313 999 me
1345 960 1594 999 detrimenta
1626 972 1730 997 mea.

107 1031 259 1071 etenim
312 1044 395 1070 non
438 1037 500 1070 cst
544 1031 692 1082 dignus
734 1031 909 1078 solacio,
963 1031 1030 1083 qui
1071 1030 1197 1070 filium
1241 1030 1315 1069 sibi
1359 1031 1586 1070 decessisse
1628 1029 1731 1068 sicut

108 1102 356 1155 mancipium
400 1101 576 1141 moleste
618 1101 716 1149 fert,
759 1102 822 1141 cui
864 1103 1085 1154 quicquam
1128 1102 1166 1140 in
1208 1101 1290 1141 filio
1334 1102 1536 1153 respicere
1568 1106 1732 1152 praeter

105 1173 238 1225 ipsum
283 1179 413 1212 uacat.
475 1173 574 1225 quid
607 1173 730 1225 igitur
762 1181 822 1220 te,
868 1173 1043 1220 Marcia,
1085 1175 1255 1212 mouet?
1311 1178 1446 1211 utrum
1479 1172 1594 1224 quod
1627 1170 1731 1210 filius

106 1249 199 1282 tuus
243 1243 440 1290 decessit,
483 1257 534 1282 an
577 1244 692 1295 quod
726 1257 809 1282 non
843 1244 908 1282 diu
942 1244 1071 1282 uixit?
1115 1243 1145 1281 si
1179 1243 1293 1295 quod
1325 1243 1523 1290 decessit,
1566 1255 1731 1294 semper
1770 1252 1783 1273 ἡ

70 1319 76 1327 ’
109 1313 284 1353 debuisti
338 1313 488 1353 dolere.
553 1327 720 1366 semper
771 1315 879 1353 enim
931 1314 1042 1353 scisti
1095 1314 1350 1353 moriturum.
1420 1312 1558 1364 cogita
1616 1311 1732 1351 nullis

107 1383 347 1424 defunctum
391 1384 506 1423 malis
549 1383 690 1431 adfici,
733 1383 799 1423 illa
840 1397 946 1436 quae
988 1384 1108 1424 nobis
1150 1383 1301 1423 inferos
1334 1383 1486 1423 faciunt
1519 1382 1731 1429 terribiles,

108 1455 289 1495 fabulam
324 1468 435 1503 esse,
479 1454 608 1494 nullas
640 1455 839 1494 inminere
873 1455 1045 1494 mortuis
1077 1455 1271 1495 tenebras
1304 1468 1381 1494 nec
1414 1468 1622 1494 carcerem
1656 1467 1731 1493 nec

108 1526 283 1579 flumina·
316 1526 410 1577 igne
455 1524 671 1577 flagrantia
713 1539 789 1564 nec
822 1525 1087 1565 Obliuionem
1133 1539 1299 1565 amnem
1333 1539 1410 1565 nec
1442 1525 1658 1564 tribunalia
1691 1531 1732 1564 et

107 1610 201 1636 reos
234 1602 275 1635 et
307 1596 345 1635 in
378 1594 443 1634 illa
474 1595 665 1635 libertate
697 1602 782 1635 tarn
817 1596 913 1635 laxa
955 1596 1060 1635 ullos
1092 1597 1239 1636 iterum
1273 1603 1486 1648 tyrannos.
1550 1596 1733 1635 luserunt

60 1671 71 1704 ἶ
105 1669 184 1707 ista
216 1673 367 1720 poetae
400 1673 441 1706 et
473 1667 587 1706 uanis
619 1680 695 1706 nos
728 1667 939 1719 agitauere
971 1667 1195 1707 terroribus
1270 1680 1382 1706 mors
1416 1666 1608 1706 dolorum
1642 1679 1730 1705 om-

106 1739 217 1778 nium
261 1737 449 1778 exolutio
491 1744 553 1777 est
596 1744 636 1777 et
678 1737 789 1785 finis,
832 1737 937 1777 ultra
975 1752 1099 1790 quem
1135 1738 1244 1777 mala
1274 1743 1417 1777 nostra
1449 1751 1533 1776 non
1566 1744 1732 1784 exeunt,

105 1823 211 1862 quae
253 1822 329 1848 nos
371 1809 410 1848 in
452 1808 561 1848 illam
605 1808 961 1861 tranquillitatem,
1004 1809 1042 1848 in
1085 1822 1166 1861 qua
1207 1814 1430 1861 antequam
1471 1821 1734 1848 nasceremur

106 1881 315 1928 iacuimus,
349 1879 522 1932 reponit.
565 1880 597 1919 si
631 1885 891 1919 mortuorum
925 1875 1067 1932 aliquis
1100 1880 1326 1927 miseretur,
1360 1885 1401 1918 et
1433 1893 1517 1918 non
1539 1886 1731 1918 natorum

108 1951 360 1991 misereatur.
423 1963 538 1990 mors
580 1963 657 1989 nec
699 1950 859 1989 bonum
900 1964 978 1990 nec
1021 1951 1176 1990 malum
1222 1956 1292 1989 est.
1358 1950 1398 1989 id
1441 1950 1549 1989 enim
1593 1955 1785 2001 potest-5

106 2027 177 2062 aut
218 2022 376 2062 bonum
409 2027 479 2060 aut
511 2020 666 2060 malum
699 2034 810 2070 esse,
853 2022 967 2074 quod
999 2021 1151 2074 aliquid
1184 2027 1256 2061 est.
1319 2021 1434 2074 quod
1467 2034 1565 2060 uero
1598 2021 1732 2074 ipsum

115 2175 121 2206 1
155 2175 384 2216 absuturosque
410 2171 625 2207 Pincianus:
656 2175 812 2215 suturosq;
929 2177 948 2208 ζ)
977 2175 1104 2206 illorum
1130 2186 1202 2206 eum
1231 2179 1405 2215 conspectu
1432 2172 1574 2207 Haase:
1606 2174 1731 2206 illorum

107 2239 298 2274 conspectus
417 2244 495 2274 ergo
522 2244 603 2274 quae
629 2231 758 2277 unlqo:
789 2244 929 2274 ergoque
1050 2233 1070 2265 4
1098 2234 1170 2264 illos
1197 2232 1325 2277 nul-qo:
1357 2233 1444 2264 illum
1567 2233 1585 2265 ξι
1613 2235 1730 2274 premi-

108 2293 205 2323 simus
319 2293 337 2321 ii
357 2292 424 2322 illut
544 2292 553 2324 ἶ
579 2290 890 2336 probabilium-rso:
921 2293 1093 2333 probabile
1206 2295 1225 2322 {⁴
1249 2293 1410 2323 destruere
1430 2291 1556 2335 wclyo:
1579 2293 1733 2324 distruere

236 2350 272 2381 11)
298 2351 418 2381 eiurent
447 2350 642 2383 Gruterus:
672 2357 796 2381 seruent
921 2351 1112 2382 7orbitalem
1239 2351 1273 2381 121
1302 2355 1405 2391 preter
1526 2350 1558 2383 14
1589 2356 1732 2382 mouet-k

108 2414 210 2440 unum
228 2421 248 2438 oe
394 2409 430 2441 ltj
467 2410 654 2440 moriturum
691 2408 908 2442 deteriores:
945 2410 1028 2439 mori
1166 2410 1275 2450 cogita
1311 2408 1424 2442 solum
1459 2419 1528 2442 uon
1563 2408 1733 2452 sufficere

107 2466 276 2501 uiderunt
306 2471 392 2512 post
428 2466 620 2501 Gruterum
655 2467 777 2501 Haase
802 2473 835 2501 el
865 2466 991 2509 Gertz,
1027 2478 1177 2511 quorum
1212 2466 1271 2500 ille
1306 2473 1335 2497 ai
1371 2469 1500 2509 cogita,
1535 2467 1590 2500 Ιιίι·
1624 2469 1732 2509 cogita

109 2517 216 2557 tanien
243 2526 493 2566 coniecerunt,
528 2525 689 2570 equidem
725 2526 844 2560 malim
877 2528 1039 2568 cogitabis
1076 2527 1198 2567 potius,
1235 2532 1270 2559 ιιι
1298 2525 1342 2559 (le
1370 2527 1427 2559 ira
1455 2518 1490 2560 2'.
1525 2529 1579 2562 10,
1614 2530 1620 2558 1
1657 2528 1731 2557 illud

110 2609 215 2649 potius
243 2609 407 2649 cogitabis
529 2608 562 2640 ΙῙ
591 2598 702 2649 adlicit·
815 2609 851 2641 11*
879 2609 1021 2639 fabulam
1054 2608 1276 2641 Groteouitls:
1300 2596 1433 2640 sabula*
1532 2610 1730 2640 imminere-x

111 2676 244 2721 mortuiS
365 2691 402 2722 13¹
431 2691 638 2721 Obliuionem
669 2688 839 2734 llladmy:
869 2691 1033 2721 obliuione
1143 2696 1170 2722 et
1199 2701 1269 2721 reos
1295 2695 1323 2721 et
1352 2691 1380 2721 iu
1410 2691 1462 2721 iun
1491 2702 1560 2722 reos
1587 2692 1733 2722 libertate

112 2783 203 2826 cod„
231 2783 384 2817 ulcerum
412 2796 481 2816 reos
509 2783 575 2818 dcl.
601 2783 740 2828 mpsim·
853 2788 897 2818 ’ΒΗ
924 2786 1065 2815 timum»,
1179 2786 1298 2816 luerunt
1327 2794 1355 2821 (s
1381 2796 1424 2818 m.
1441 2795 1497 2829 pr.
1520 2790 1555 2817 n!
1575 2784 1731 2818 uidetur)

229 2879 271 2911 213
298 2889 358 2920 que
385 2889 442 2909 nos¹
564 2868 745 2926 nasceretur

1754 897 1784 922 lu

1753 1604 1785 1628 20
