1977 3231
41 1652 60 1685 10

643 551 682 593 L.
725 550 910 593 ANNAEI
944 550 1162 592 SENECAE

399 649 908 711 DIALOGORV
913 649 982 709 M
1029 648 1288 710 LIBER
1335 649 1400 710 V.

744 790 807 819 AD
834 787 1064 819 NOVATVM

796 884 876 920 DE
908 884 1011 920 IRA

759 984 957 1007 LIBER
1000 984 1046 1006 111.

207 1153 235 1192 Ι.
304 1130 433 1193 Quod
453 1155 637 1193 maxime
650 1155 907 1201 desiderasti,
926 1153 1105 1202 Nouate,
1127 1168 1236 1193 nunc
1253 1153 1388 1194 facere
1405 1156 1719 1208 temptabimus,

89 1224 190 1263 iram
224 1225 418 1264 excidere
451 1225 595 1264 animis
628 1231 699 1264 aut
742 1231 854 1263 certe
896 1224 1102 1264 refrenare
1135 1231 1176 1264 et
1208 1226 1371 1277 inpetus
1405 1227 1489 1265 eius
1522 1226 1717 1266 inhibere.

88 1294 130 1334 id
162 1294 385 1347 aliquando
419 1295 556 1348 palam
591 1301 817 1348 aperteque
860 1294 1093 1335 faciendum
1137 1303 1220 1343 est,
1263 1296 1333 1335 ubi
1365 1298 1499 1335 minor
1531 1298 1590 1336 uis
1622 1297 1717 1336 mali

88 1366 260 1417 patitur,
303 1365 526 1419 aliquando
559 1379 613 1405 ex
645 1366 832 1410 occulto,
876 1366 945 1405 ubi
977 1367 1147 1405 nimium
1181 1368 1301 1406 ardet
1333 1368 1530 1420 omnique
1560 1367 1713 1419 inpedi-

89 1443 232 1476 mento
285 1443 557 1490 exasperatur
609 1443 650 1476 et
702 1438 858 1476 crescit.
940 1436 1065 1477 refert
1117 1443 1293 1490 quantas
1348 1439 1454 1477 uires
1506 1452 1716 1490 quamque
1755 1456 1770 1475 ,κ

87 1507 267 1559 integras
298 1507 465 1555 habeat,
498 1514 634 1546 utrum
668 1508 976 1547 reuerberanda
1008 1514 1049 1547 et
1081 1510 1245 1560 agenda
1276 1516 1387 1548 retro
1410 1509 1461 1548 sit
1492 1523 1544 1548 an
1567 1509 1716 1548 cedere

88 1578 123 1617 ei
165 1578 415 1625 debeamus,
469 1580 569 1617 dum
612 1584 842 1631 tempestas
884 1579 1017 1631 prima
1061 1580 1264 1621 desaeuit,
1309 1593 1360 1618 ne
1402 1580 1587 1619 remedia
1629 1581 1716 1632 ipsa

87 1661 229 1687 secum
271 1648 386 1688 ferat.
450 1648 663 1688 consilium
712 1647 808 1701 pro‘
842 1649 1027 1688 moribus
1080 1650 1273 1701 cuiusque
1327 1651 1575 1702 capiendum
1628 1651 1714 1690 erit.

86 1720 293 1771 quosdam
326 1720 435 1758 enim
467 1733 614 1772 preces
647 1720 824 1759 uincunt.
886 1720 1055 1771 quidam
1099 1719 1294 1759 insultant
1336 1721 1570 1773 instantque
1602 1735 1712 1760 sum-

88 1789 229 1829 missis.
292 1791 500 1842 quosdam
524 1791 720 1829 terrendo
754 1790 1023 1843 placabimus.
1086 1790 1187 1829 alios
1212 1790 1459 1843 obiurgatio,
1492 1791 1592 1831 alios
1615 1805 1711 1831 con-

86 1858 219 1908 fessio,
264 1860 365 1900 alios
406 1862 544 1913 pudor
585 1868 739 1914 coepto
783 1861 950 1908 deiciet,
984 1861 1085 1900 alios
1118 1875 1259 1909 mora,
1291 1861 1448 1901 lentum
1481 1862 1714 1914 praecipitis

40 1935 58 1964 :5
87 1929 183 1969 mali
214 1931 457 1979 remedium,
490 1932 545 1970 ad
577 1933 690 1984 quod
714 1932 938 1970 nouissime
965 1931 1307 1971 descendendum
1331 1939 1404 1972 est.
1457 1933 1580 1972 ceteri
1605 1934 1712 1972 enim

87 2000 273 2041 adfectus
306 2001 547 2041 dilationem
580 2002 781 2055 recipiunt
813 2008 854 2041 et
887 2004 1017 2041 curari
1061 2003 1217 2042 tardius
1249 2009 1448 2056 possunt:
1495 2004 1613 2043 huius
1655 2004 1711 2042 in-

87 2072 211 2111 citata
243 2079 285 2112 et
316 2085 362 2111 se
393 2072 481 2125 ipsa
512 2073 674 2125 rapiens
698 2073 890 2112 uiolentia
923 2087 1006 2112 non
1041 2073 1239 2126 paulatim
1273 2074 1472 2126 procedit,
1505 2074 1578 2113 sed
1612 2075 1710 2113 dum

85 2143 234 2195 incipit,
267 2148 359 2182 tota
390 2149 463 2182 est.
517 2156 593 2182 nec
625 2143 798 2182 aliorum
833 2156 949 2182 more
981 2144 1172 2183 uitiorum
1207 2144 1398 2183 sollicitat
1431 2145 1601 2187 animos,
1635 2146 1710 2184 sed
1750 2159 1765 2180 5

85 2213 255 2252 abducit
287 2220 328 2253 et
359 2214 595 2265 inpotentes
627 2214 687 2252 sui
719 2215 977 2266 cupidosque
1010 2213 1074 2253 uel
1117 2215 1351 2253 communis
1384 2215 1479 2253 mali
1512 2216 1710 2267 exagitat,

85 2297 162 2323 nec
193 2284 232 2322 in
266 2297 314 2322 ea
346 2290 508 2323 tantum
551 2285 590 2322 in
623 2297 730 2336 quae
771 2284 1014 2332 destinauit,
1058 2285 1130 2341 sed
1173 2285 1212 2324 in
1254 2286 1513 2324 occurrentia
1546 2286 1602 2324 ob
1636 2286 1711 2325 iter

85 2353 188 2393 furit.
250 2360 390 2393 cetera
444 2355 539 2393 uitia
591 2355 790 2406 inpellunt
843 2356 1028 2394 animos:
1085 2357 1142 2395 ira
1193 2357 1448 2408 praecipitat.
1510 2357 1633 2395 etiam
1678 2357 1709 2395 si

85 2425 274 2464 resistere
307 2431 452 2464 contra
494 2424 681 2464 adfectus
723 2439 820 2464 suos
862 2439 946 2464 non
979 2426 1089 2473 licet,
1133 2432 1175 2465 at
1208 2431 1319 2465 certe
1351 2425 1580 2466 adfectibus
1614 2428 1709 2479 ipsis

84 2494 178 2534 licet
210 2502 340 2534 stare:
387 2495 490 2535 haec
533 2509 617 2534 non
659 2509 778 2534 secus
810 2509 935 2548 quam
970 2496 1137 2535 fulmina
1169 2496 1459 2549 procellaeque
1491 2504 1533 2536 et
1564 2498 1595 2536 si
1629 2510 1708 2549 qua

85 2636 104 2668 2
132 2636 268 2677 impetus
382 2637 401 2667 (ἱ
427 2636 663 2667 reuerberanda
692 2634 909 2680 Hensz'nqer:
940 2637 1185 2667 neucrberanda
1307 2637 1326 2667 f)
1354 2638 1505 2678 ins-tants„
1536 2638 1566 2673 (’;
1598 2647 1705 2670 (0272,

194 2694 229 2727 ll.
258 2695 374 2725 deiciet
400 2692 519 2727 Koch:
549 2695 665 2725 deiecit
786 2695 821 2726 {13
849 2696 980 2726 affectus
1008 2695 1131 2739 (prior
1158 2695 1304 2728 (corr.)
1418 2695 1453 2728 Π
1481 2697 1524 2726 ob
1552 2697 1608 2726 iter
1636 2696 1707 2726 furit

84 2773 229 2815 fllit'ller,
256 2777 362 2807 obiter
389 2777 460 2807 surit
486 2774 614 2820 uulyo:
644 2777 698 2807 obi
728 2748 831 2807 terfuit
945 2777 980 2808 l>
1007 2778 1177 2818 precipitat
1205 2776 1366 2818 (uidetur
1389 2776 1508 2820 fuisse
1534 2783 1601 2813 ant)

92 2834 127 2865 10
154 2836 284 2866 affectus
381 2836 548 2866 affectibus

1738 1807 1767 1830 ln

1729 2508 1762 2533 20
