1977 3231
66 312 85 344 2

440 135 624 165 DIAL.VI1.
665 137 717 163 AD
739 137 974 164 GALLIONEM
995 138 1048 163 DE
1068 138 1159 164 VITA
1181 138 1321 165 BEATA.
1360 140 1405 166 25.
1658 144 1736 183 179

112 247 196 272 non
229 233 347 272 deest
379 235 483 273 mori
516 236 668 286 posse?
720 235 820 286 quid
852 248 954 287 ergo
988 237 1076 274 est?
1126 235 1298 274 domum
1332 235 1442 275 illam
1475 235 1737 288 splendidam

113 303 225 343 malo
257 317 382 355 quam
414 311 599 356 pontem.
643 319 754 358 pone
786 307 825 345 in
853 307 1135 345 instrumentis
1156 305 1472 359 splendentibus
1495 313 1536 346 et
1559 306 1738 346 delicato

112 374 338 426 adparatu:
375 373 501 414 nihilo
534 388 602 414 me
633 374 858 415 feliciorem
891 375 1070 424 credam,
1102 378 1216 428 quod
1250 376 1348 416 mihi
1382 377 1507 416 molle
1541 377 1616 417 erit
1638 378 1736 416 ami-

111 443 260 493 culum,
293 445 407 497 quod
440 459 621 498 purpura
653 448 837 486 conuiuis
870 447 971 486 meis
1004 446 1300 487 substernetur.
1344 454 1460 487 muta
1490 448 1734 499 imaginem:

111 514 236 554 nihilo
270 516 455 555 miserius
488 529 571 565 ero,
605 519 636 556 si
669 516 776 557 lassa
808 517 949 556 ceruix
973 530 1068 556 mea
1088 519 1127 556 in
1151 517 1362 569 manipulo
1384 517 1465 557 feni
1487 519 1740 570 adquiescet,
1778 531 1792 553 5

111 587 142 625 si
190 599 314 639 super
358 586 550 626 Circense
598 593 833 627 tomentum
883 601 957 640 per
999 593 1179 627 sarturas
1221 590 1372 628 ueteris
1414 588 1525 629 lintei
1568 589 1739 628 effluens

111 656 330 696 incubabo,
393 658 491 709 quid
530 671 631 710 ergo
675 660 765 698 est?
811 657 942 705 malo,
986 658 1083 709 quid
1116 659 1215 698 mihi
1249 659 1371 698 animi
1404 660 1475 707 sit,
1518 660 1739 699 ostendere

110 734 403 779 praetextatus
452 735 493 768 et
542 735 795 782 gausapatus
833 742 958 780 quarn
1011 730 1132 768 nudis
1172 729 1349 782 scapulis
1392 736 1462 769 aut
1505 730 1739 769 semitectis.

111 811 257 837 omnes
300 798 398 838 mihi
441 813 495 838 ex
540 806 642 839 uoto
685 799 772 839 dies
812 800 974 839 cedant.
1036 812 1170 839 nouae
1202 799 1503 852 gratulationes
1535 800 1739 852 prioribus

109 869 408 909 subtexantur:
447 883 530 909 non
563 870 619 909 ob
652 870 734 910 1106
766 870 864 909 mihi
897 869 1084 922 placebo.
1138 876 1255 910 muta
1286 872 1325 910 in
1359 871 1609 910 contrarium
1633 870 1739 910 hanc

109 938 408 991 indulgentiam
467 942 688 993 temporis,
750 940 845 980 hinc
896 940 1004 980 illinc
1055 942 1308 993 percutiatur
1356 943 1516 981 animus
1571 943 1738 989 damno,

109 1008 240 1058 luctu,
285 1011 586 1050 incursionibus
636 1012 774 1060 uariis,
818 1011 928 1050 nulla
970 1011 1074 1050 hora
1114 1013 1200 1051 sine
1242 1011 1376 1064 aliqua
1427 1011 1608 1066 querella
1659 1013 1734 1051 sit:

110 1094 194 1119 non
228 1081 323 1120 ideo
366 1095 434 1121 me
476 1081 611 1121 dicam
654 1083 758 1122 inter
801 1082 1031 1122 miserrima
1073 1083 1282 1131 miserum,
1315 1097 1400 1122 non
1431 1084 1526 1123 ideo
1560 1083 1737 1134 aliquem

110 1151 341 1191 execrabor
383 1153 505 1191 diem.
579 1153 790 1204 prouisum
834 1158 896 1192 est
938 1153 1046 1192 enim
1090 1167 1114 1192 a
1158 1167 1246 1199 me,
1285 1168 1337 1193 ne
1380 1154 1469 1205 quis
1510 1153 1609 1192 mihi
1651 1158 1739 1192 ater

110 1222 198 1261 dies
236 1229 356 1262 esset.
428 1223 527 1274 quid
570 1237 671 1275 ergo
716 1226 804 1263 est?
848 1222 958 1263 malo
1002 1224 1154 1275 gaudia
1194 1231 1451 1277 temperare,
1493 1238 1618 1276 quam
1662 1224 1735 1262 do-

109 1291 217 1332 lores
249 1306 511 1346 conpescere.
574 1294 656 1334 hoc
687 1294 761 1334 tibi
800 1294 866 1333 ille
909 1293 1106 1334 Socrates
1149 1295 1283 1334 dicet:
1332 1294 1393 1334 fac
1437 1309 1504 1334 me
1536 1296 1736 1335 uictorem

109 1364 390 1404 uniuersarum
433 1366 632 1417 gentium.
701 1364 900 1405 delicatus
944 1365 1008 1405 ille
1051 1366 1191 1405 Liberi
1233 1380 1373 1405 currus
1412 1366 1737 1419 triumphantem

109 1448 239 1487 usque
271 1436 325 1475 ad
357 1435 528 1476 Thebas
560 1450 583 1475 a
614 1435 712 1476 solis
745 1442 839 1476 ortu
872 1436 1009 1476 uehat.
1071 1438 1157 1476 iura
1188 1450 1309 1489 reges
1341 1437 1560 1476 Persarum
1593 1443 1738 1489 petant

109 1519 135 1544 a
168 1519 256 1547 me:
300 1520 367 1546 me
409 1506 622 1546 hominem
666 1521 757 1547 esse
799 1509 986 1547 maxime
1029 1507 1249 1559 cogitabo,
1295 1521 1389 1547 cum
1423 1509 1524 1547 deus
1557 1509 1738 1560 undique

111 1577 416 1617 consalutabor.
478 1577 572 1617 huic
613 1584 699 1618 tam
732 1577 895 1618 sublimi
928 1578 1091 1631 fastigio
1124 1580 1330 1631 coniunge
1362 1580 1548 1632 protinus
1580 1581 1735 1631 praeci-

109 1648 238 1700 pitem
291 1649 575 1688 mutationem
651 1650 690 1688 in
741 1649 918 1689 alienum
970 1650 1146 1702 inponar
1196 1649 1408 1704 sericum-m
1462 1656 1738 1689 exornaturus

110 1719 274 1758 uictoris
318 1719 486 1771 superbi
528 1733 576 1759 ac
613 1719 685 1759 feri
726 1733 956 1773 pompam:
1002 1734 1087 1759 non
1118 1719 1311 1760 humilior
1342 1721 1419 1760 sub
1452 1720 1586 1760 alieno
1619 1734 1736 1760 curru

110 1802 210 1841 agar
241 1803 366 1842 quam
399 1790 439 1829 in
471 1804 568 1829 meo
599 1796 811 1831 steteram.
874 1792 972 1843 quid
1005 1805 1107 1843 ergo
1140 1793 1229 1830 est?
1263 1792 1426 1831 uincere
1448 1798 1590 1831 tamen
1612 1805 1737 1843 quam

109 1860 200 1912 capi
243 1860 365 1900 malo
428 1867 565 1901 toturn
608 1861 798 1901 fortunae
840 1875 1015 1914 regnum
1058 1862 1305 1915 despiciam,
1358 1863 1433 1902 sed
1476 1876 1529 1901 ex
1572 1862 1662 1908 illo,
1706 1863 1736 1902 si

109 1931 273 1971 dabitur
305 1931 463 1980 electio,
497 1932 668 1973 meliora
700 1946 875 1972 sumam.
939 1934 1140 1985 quidquid
1172 1935 1226 1973 ad
1259 1947 1328 1972 me
1360 1934 1538 1981 uenerit,
1577 1934 1736 1973 bonurn
1758 1945 1790 1967 25

108 2001 201 2049 fiet,
243 2003 318 2041 sed
361 2002 471 2042 malo
514 2002 694 2043 faciliora
732 2018 780 2044 ac
822 2004 1065 2044 iucundiora
1096 2004 1263 2044 ueniant
1296 2010 1336 2043 et
1369 2006 1504 2043 minus
1536 2010 1737 2044 uexatura

109 2154 129 2186 2
155 2160 288 2196 pontem
316 2154 532 2189 Pincianus:
561 2160 693 2197 potente
862 2157 893 2187 in
928 2157 1142 2188 instrumentis
1169 2155 1303 2201 Neap:
1333 2158 1547 2188 instrumentis

109 2213 128 2247 3
165 2215 264 2246 molle
298 2216 355 2246 erit
384 2215 577 2254 amiculum,
612 2215 699 2256 quod
727 2241 734 2249 .
755 2242 762 2248 .
783 2242 790 2248 .
819 2215 1037 2246 substernetur
1065 2213 1138 2248 Εῗῑ
1176 2215 1276 2246 1110116
1302 2216 1531 2249 ἷῑι11111161ῖ1.511
1557 2216 1642 2257 quod
1671 2242 1678 2249 ,
1699 2242 1705 2249 ,
1728 2242 1734 2249 ,

109 2273 326 2305 substernatur
353 2274 596 2315 (aminiclsisit
622 2273 657 2307 in
683 2283 767 2314 ras„
794 2273 829 2306 in
856 2274 1019 2319 marqine
1044 2284 1086 2307 m.
1116 2274 1135 2305 ,²3
1164 2274 1354 2313 aminiculi‘n
1381 2273 1448 2308 sed
1472 2275 1582 2306 niculsi
1611 2272 1734 2307 eadem

108 2342 217 2366 mame
243 2336 442 2367 correctum
469 2343 562 2377 quae
588 2334 725 2366 textum
760 2332 938 2375 correxit)
1106 2333 1124 2366 4
1161 2336 1248 2364 muta
1282 2334 1459 2375 imaginem
1497 2332 1598 2367 Ii'oclz
1633 2335 1736 2376 (muta

109 2392 250 2433 stragula
283 2403 355 2424 mea
382 2389 570 2437 Maduz’q):
599 2393 714 2424 multas
748 2395 871 2434 magnai
897 2394 972 2425 1116ῖι
1092 2392 1111 2422 ἴ)
1145 2392 1311 2433 manipulo
1345 2391 1449 2429 deth:
1478 2393 1642 2423 maniculo
1677 2393 1734 2435 (m.

109 2452 127 2483 3
154 2449 189 2483 in
217 2461 330 2496 marq.
358 2452 483 2495 repet.)
606 2452 669 2492 feni
799 2452 820 2481 8
856 2454 1049 2493 pretextatus
1177 2456 1373 2493 gausapatus
1398 2449 1560 2496 Lipsius:
1590 2455 1736 2482 causatus

236 2510 329 2542 nudis
355 2508 484 2555 uulqo:
513 2511 588 2541 nudi
728 2512 904 2542 semitectis
931 2509 1096 2555 Lipsius:
1126 2512 1277 2542 sententis
1419 2511 1451 2543 11
1492 2511 1578 2541 illinc
1604 2508 1731 2555 nul-qo:

107 2593 171 2624 mie
298 2593 337 2625 12
372 2593 468 2624 uariis
494 2594 534 2635 (is
560 2594 670 2635 corr.)
793 2594 875 2625 hora
901 2591 1085 2627 Muretus:
1114 2594 1215 2624 homo
1344 2576 1427 2634 a11q²²
1569 2593 1604 2625 ιω
1644 2604 1732 2624 com-

106 2697 236 2728 pescere
359 2686 400 2719 18
428 2650 498 2718 neiat
629 2690 794 2719 Persarum
822 2686 893 2721 E2:
922 2689 1086 2729 penatium
1217 2691 1326 2729 petant
1353 2699 1370 2718 a
1397 2699 1449 2719 me
1474 2685 1595 2720 Koch:
1625 2690 1734 2728 petant

107 2756 187 2779 cum
215 2744 344 2779 lacuna
485 2745 529 2779 ¹20
556 2747 806 2793 consualutabor
942 2748 1102 2788 coniunge
1113 2757 1132 2776 r
1276 2747 1314 2779 21
1347 2748 1497 2788 imponar
1522 2755 1615 2778 mms
1641 2744 1734 2777 dere-

52 2830 60 2839 .
108 2805 262 2838 Morum:
293 2806 447 2847 inponam
569 2806 613 2839 ⁴2⁴2
642 2817 797 2848 pompam
825 2805 890 2850 (am
917 2806 951 2840 in
980 2807 1066 2848 rus.)
1189 2806 1232 2838 233
1269 2807 1299 2836 in
1325 2816 1407 2836 mccl}
1528 2805 1570 2837 21)
1606 2806 1734 2844 summai

223 2864 375 2906 quicquid
497 2866 540 2897 {lli
568 2866 759 2896 iocundiora

1378 2921 1447 2955 12*

1763 883 1793 907 10

1762 1236 1791 1260 15

1758 1589 1790 1614 20
