1977 3231
30 878 49 908 ΚΞ

564 138 666 167 Dim..
688 139 720 168 v.
762 141 813 166 DE
834 142 900 167 nm
923 142 994 170 Lm.
1017 143 1069 170 111.
1107 145 1153 172 42.
1176 146 1219 172 43.
1621 152 1701 190 119

81 233 252 273 accedit.
315 235 423 274 istud
455 241 621 288 tempus
653 238 768 289 quod
801 238 956 278 alienae
990 241 1170 280 destinas
1204 243 1348 290 morti,
1392 242 1566 284 fortasse
1599 245 1704 285 circa

80 308 195 342 tuam
229 310 300 343 est.

198 374 344 414 XLIII.
408 375 519 428 Quin
561 379 698 429 potius
742 381 868 419 uitam
914 381 1084 421 breuem
1129 383 1300 435 conligis
1343 384 1633 438 placidamque
1665 392 1707 426 et

80 444 152 482 tibi
185 450 226 484 et
259 447 404 485 ceteris
437 452 650 499 praestas?
685 451 779 501 quin
813 452 950 502 potius
973 452 1195 492 amabilem
1219 460 1272 501 te,
1307 456 1406 494 dum
1431 457 1540 504 uiuis,
1574 459 1705 497 omni-

79 513 175 562 bus,
219 516 560 563 desiderabilem,
607 533 700 559 cum
735 523 980 569 excesseris,
1014 524 1181 563 reddis?
1224 527 1323 577 quid
1356 526 1466 565 illum
1501 528 1619 566 nimis
1653 542 1707 567 ex
1728 542 1742 563 ε’)

78 585 163 623 alto
197 592 333 625 tecum
367 594 562 638 agentem
599 591 819 630 detrahere
852 593 992 644 cupis?
1031 595 1129 645 quid
1162 594 1274 634 illum
1309 596 1590 637 oblatrantem
1623 599 1708 645 tibi,

83 655 280 695 humilem
314 659 482 709 quidem
518 666 560 699 et
593 668 894 713 contemptum,
927 663 1000 702 sed
1032 665 1311 716 superioribus
1343 668 1507 706 acidum
1540 682 1588 707 ac
1617 683 1706 708 mo—

81 725 230 766 lestum
276 735 467 768 exterere
510 731 661 770 uiribus
701 733 778 771 tuis
820 737 1030 785 temptas?
1075 737 1173 787 quid
1206 750 1350 784 seruo,
1393 739 1490 790 quid
1524 740 1707 778 domino,

76 798 173 847 quid
220 800 328 849 regi,
371 801 469 851 quid
513 800 646 841 clienti
680 809 753 842 tuo
786 805 995 844 irasceris?
1039 807 1194 845 sustine
1226 808 1418 859 paulum:
1468 811 1577 848 uenit
1610 824 1707 849 ecce

78 881 190 906 mors
223 883 329 920 quae
363 884 437 908 uos
470 885 589 923 pares
622 872 755 913 faciat.
800 876 940 914 uidere
968 875 1151 915 solemus
1174 879 1280 917 inter
1303 882 1505 918 matutina
1528 880 1706 920 harenae

75 939 311 989 spectacula
343 943 446 980 tauri
481 950 523 982 et
557 946 635 982 ursi
667 958 850 996 pugnam
886 948 992 985 inter
1023 961 1067 985 se
1100 949 1429 1000 conligatorum,
1472 964 1576 1002 quos
1610 965 1704 991 cum

75 1008 179 1047 alter
220 1010 394 1050 alterum
438 1015 629 1061 uexauit,
683 1029 778 1054 suus
821 1016 1036 1056 confector
1086 1026 1311 1070 expectat:
1368 1021 1492 1064 idem,
1523 1021 1705 1069 facimus,

75 1079 251 1131 aliquem
287 1081 505 1121 nobiscum
538 1084 768 1135 adligatum
803 1086 1051 1135 lacessimus,
1085 1102 1178 1128 cum
1212 1092 1324 1130 uicto
1358 1093 1587 1143 uictorique
1615 1093 1704 1131 finis

75 1157 115 1189 et
157 1151 324 1202 quidem
370 1160 554 1193 maturus
587 1155 794 1195 inmineat.
859 1158 985 1208 quieti
1018 1161 1156 1210 potius
1189 1163 1408 1213 pacatique
1440 1163 1701 1214 quantulum-

74 1235 253 1273 cumque
284 1230 484 1274 superest,
518 1227 748 1277 exigamus.
791 1228 887 1266 nulli
921 1230 1100 1269 cadauer
1132 1238 1319 1271 nostrum
1354 1234 1486 1272 iaceat
1516 1234 1689 1273 inuisum
1744 1248 1756 1269 ἰ

28 1302 46 1331 .·;
75 1306 200 1344 saepe
233 1295 365 1332 rixam
400 1295 708 1336 conclamatum
742 1299 781 1337 in
816 1299 950 1338 uicino
979 1301 1216 1340 incendium
1239 1302 1362 1342 soluit
1386 1310 1426 1343 et
1449 1305 1703 1343 interuentus

74 1362 183 1402 ferae
234 1363 440 1404 latronem
493 1368 782 1420 uiatoremque
834 1350 1000 1409 diducit.
1069 1371 1294 1412 conluctari
1337 1387 1432 1412 cum
1475 1375 1703 1413 minoribus

74 1432 190 1472 malis
223 1448 305 1473 non
340 1442 470 1483 uacat,
504 1438 572 1475 ubi
606 1445 741 1478 metus
775 1441 907 1478 maior
939 1443 1150 1492 apparuit:
1187 1445 1286 1495 quid
1320 1444 1440 1483 nobis
1464 1459 1557 1484 cum
1582 1446 1700 1484 dimi-

75 1505 239 1543 catione
268 1511 309 1544 et
342 1507 524 1546 insidiis?
559 1510 759 1560 numquid
783 1509 957 1562 amplius
980 1512 1043 1550 isti
1068 1514 1129 1551 cui
1154 1515 1337 1553 irasceris
1370 1529 1495 1566 quam
1520 1522 1701 1555 mortem

75 1577 225 1625 optas?
269 1577 390 1615 etiam
434 1582 475 1616 te
515 1580 754 1629 quiescente
787 1581 995 1621 morietur.
1059 1584 1197 1635 perdis
1231 1598 1427 1636 operam:
1475 1585 1609 1625 facere
1643 1587 1701 1625 uis

74 1646 188 1695 quod
222 1645 400 1685 futurum
447 1653 518 1687 est.
582 1649 698 1696 nolo,
744 1651 893 1702 inquis,
936 1653 1078 1704 utique
1110 1655 1318 1702 occidere,
1352 1657 1425 1694 sed
1459 1656 1595 1704 exilio,
1628 1658 1702 1696 sed

72 1715 321 1765 ignominia,
373 1718 447 1756 sed
501 1719 657 1758 damno
700 1720 891 1761 adficere.
954 1725 1088 1774 magis
1130 1726 1304 1775 ignosco
1345 1727 1401 1773 ei,
1443 1728 1513 1778 qui
1557 1727 1703 1767 uolnus

72 1784 219 1824 inimici
251 1800 377 1838 quam
410 1789 478 1840 qui
511 1789 699 1840 pusulam
734 1794 1011 1843 concupiscit:
1055 1793 1120 1833 hic
1153 1796 1260 1834 enim
1295 1809 1379 1834 non
1412 1803 1573 1836 tantum
1607 1797 1702 1837 mali

71 1856 194 1895 animi
238 1863 319 1904 est,
363 1860 439 1898 sed
481 1860 626 1911 pusilli.
687 1863 774 1900 siue
815 1863 867 1901 de
913 1863 1065 1903 ultimis
1098 1866 1304 1918 suppliciis
1338 1869 1498 1918 cogitas
1530 1870 1616 1908 siue
1649 1870 1702 1908 de

70 1927 317 1967 leuioribus:
365 1930 607 1981 quantulum
652 1939 714 1971 est
757 1935 981 1985 temporis,
1024 1949 1107 1988 quo
1141 1943 1211 1976 aut
1242 1937 1309 1976 ille
1341 1951 1478 1990 poena
1510 1953 1583 1978 sua
1615 1945 1698 1978 tor·
1741 1952 1754 1974 ·›

70 2004 244 2048 queatur
285 2006 355 2038 aut
396 2007 440 2039 tu
484 2002 637 2040 malum
680 2004 878 2054 gaudium
923 2019 976 2044 ex
1016 2006 1147 2046 aliena
1178 2008 1408 2059 percipias?
1461 2010 1542 2048 iam
1576 2011 1699 2049 istum

23 2087 28 2108 ε
70 2069 256 2119 spiritum
301 2084 544 2122 expuemus.
606 2074 788 2121 interim,
834 2075 933 2114 dum
973 2076 1196 2125 trahimus,
1240 2079 1340 2117 dum
1374 2080 1479 2119 inter
1511 2080 1700 2120 homines

69 2153 230 2187 sumus,
273 2140 459 2180 colamus
492 2142 819 2193 humanitatem,
862 2160 946 2185 non
979 2148 1116 2186 timori
1150 2150 1364 2201 cuiquam,
1399 2164 1483 2190 non
1515 2152 1698 2204 periculo

67 2210 204 2249 simus.
260 2212 519 2260 detrimenta,
554 2213 728 2262 iniurias,
762 2217 1272 2264 conuicia,'uellicat‘iones
1306 2227 1624 2261 contemnamus
1658 2229 1699 2262 et

68 2294 223 2332 magno
257 2282 396 2321 animo
430 2283 571 2323 breuia
603 2285 781 2324 feramus
814 2288 1096 2328 incommoda.
1160 2291 1260 2329 dum
1295 2293 1549 2343 respicimus,
1581 2294 1697 2345 quod
1719 2306 1733 2327 :³

67 2351 189 2399 aiunt,
223 2365 523 2406 uersamusque
555 2368 644 2403 nos,
677 2356 758 2395 iam
794 2358 1024 2398 mortalitas
1056 2361 1199 2400 aderit.

75 2479 80 2511 1
114 2480 195 2511 istud
223 2481 258 2523 (d
285 2491 334 2514 ea*
361 2486 370 2512 t
397 2488 506 2525 corr.)
629 2487 649 2515 o*
677 2491 817 2517 exterere
844 2484 1029 2520 Murem&
1060 2499 1095 2519 ex
1123 2494 1239 2521 terrere
1379 2490 1421 2523 w
1447 2492 1696 2533 harenespecta-

1214 2546 1220 2571 l

68 2575 139 2604 cula
166 2575 196 2615 (ς
223 2575 258 2607 in
286 2576 374 2617 ras.)
498 2578 540 2610 12
567 2580 693 2610 uexauit
721 2578 849 2613 Gertz:
880 2583 999 2612 uexarit
1121 2582 1156 2614 153
1185 2583 1334 2625 adligati!
1467 2585 1501 2618 lti
1529 2587 1559 2616 in
1587 2587 1692 2617 uicino

68 2630 267 2667 deleriores
291 2634 472 2668 nonnulli:
503 2637 657 2669 inuicinio
771 2640 815 2672 ¹2⁴)
834 2650 968 2680 operam
991 2639 1108 2673 lfoclt:
1138 2653 1254 2682 operas
1274 2642 1351 2676 cod.
1370 2642 1437 2677 sed
1453 2643 1547 2678 illud
1562 2645 1690 2678 suade-l

67 2690 286 2724 coresm'ludo
308 2690 467 2727 Senecae
573 2696 615 2728 ‘23
643 2697 761 2737 pusula
781 2695 959 2738 (lineolam
987 2709 1099 2742 supra
1117 2711 1135 2730 u
1154 2710 1196 2733 m.
1217 2699 1278 2734 all.
1301 2702 1438 2744 posuit)
1537 2704 1579 2737 25»
1609 2716 1689 2745 pena

161 2749 204 2782 ’ξῖ
232 2762 402 2792 expuemus
424 2751 551 2787 Gertz:
581 2756 756 2796 expuimus,
797 2755 912 2801 Vulsfl’
929 2757 1251 2801 interpunffelmlnr
1268 2762 1432 2800 expuimus
1457 2762 1594 2802 interim,
1613 2764 1688 2793 dum

67 2809 232 2841 trahimus.
267 2810 372 2846 1.)um;
403 2812 567 2846 correafil
596 2812 702 2847 Gerlz
841 2815 878 2846 ΣΗ
919 2817 982 2846 iam
1011 2817 1189 2848 mortalitas
1217 2817 1433 2852 Pt'm'l'tmus:
1464 2821 1686 2855 inmortalitas.

1731 894 1758 917 ln

1722 1599 1754 1623 20
