1977 3231
73 1240 92 1273 1Ξὶ

74 1804 88 1837 l

70 2156 90 2178 Ο

646 155 754 183 DIAL.
784 155 835 182 111.
862 155 916 180 DE
941 155 1010 181 IRA
1038 155 1109 182 ΜΒ.
1136 155 1156 182 1.
1177 158 1202 182 8.
1230 157 1256 186 9,
1695 159 1747 197 43

125 249 229 289 ultra
272 263 398 302 quam
442 257 612 304 oportet
655 253 909 304 procedere,
961 252 1037 291 sed
1088 251 1128 290 in
1172 250 1384 296 adfectum
1437 251 1525 303 ipse
1566 256 1751 290 mutatur

125 320 304 372 ideoque
336 334 420 360 non
452 327 594 373 potest
626 321 769 361 utilem
801 322 912 361 illam
945 322 1029 360 uim
1069 328 1110 360 et
1148 294 1401 371 salutarem]
1425 322 1636 374 proditam
1668 321 1750 359 iam

126 390 459 443 infirmatamque
501 405 710 431 reuocare.
772 406 857 431 non
889 393 1017 439 enim,
1060 397 1103 431 ut
1137 392 1235 439 dixi,
1275 397 1486 444 separatas
1518 392 1596 431 ista
1626 392 1749 430 sedes

123 474 218 501 suas
250 462 524 513 diductasque
555 462 724 510 habent,
763 464 839 502 sed
870 461 1058 502 adfectus
1091 468 1132 501 et
1164 463 1269 501 ratio
1302 463 1341 501 in
1373 462 1519 501 melius
1551 462 1750 515 peiusque

124 533 300 571 mutatio
343 532 467 571 animi
509 539 580 571 est.
650 534 869 607 quomodo
912 546 1014 584 ergo
1067 533 1170 571 ratio
1220 539 1424 584 occupata
1465 538 1506 571 et
1547 545 1750 584 oppressa

123 589 462 654 uitiissresurget,
495 616 602 654 quae
634 580 720 643 irae
750 604 897 663 cessit?
931 609 1001 642 aut
1023 602 1385 654 quemadmodum
1419 616 1474 642 ex
1507 602 1749 642 confusione

123 687 168 713 se
210 672 420 720 liberabit,
464 673 502 711 in
547 687 628 725 qua
669 674 858 725 peiorum
901 673 1098 717 mixturas
1123 672 1378 726 praeualuit?
1450 673 1526 712 sed
1567 673 1749 725 quidam,

123 744 273 796 inquit,
326 744 366 782 in
415 744 473 782 ira
522 757 567 783 se
609 744 834 783 continent.
919 750 1058 782 utrum
1102 757 1204 795 ergo
1247 743 1303 782 ita
1365 749 1410 782 ut
1461 742 1558 782 nihil
1598 742 1750 782 faciant

122 828 268 854 eorum
301 827 410 866 quae
442 814 509 853 ira·
533 815 661 853 dictat
693 828 745 853 an
778 820 823 853 ut
855 813 1035 865 aliquid?
1069 814 1101 852 si
1133 813 1230 852 nihil
1262 812 1425 861 faciunt,
1457 814 1633 865 adparet
1664 826 1749 852 non

122 899 214 925 esse
246 885 300 924 ad
333 885 518 924 actiones
550 898 687 923 rerum
720 885 996 923 necessariam
1029 884 1144 932 iram,
1177 897 1303 936 quarn
1336 897 1423 931 uos,
1456 884 1573 936 quasi
1604 883 1748 922 fortius

121 955 273 1007 aliquid
296 955 455 994 ratione
476 954 662 1002 haberet,
691 955 971 994 aduocabatis.
1005 976 1023 996 ³1<
1042 974 1060 995 ,ις
1095 955 1274 1006 denique
1295 955 1522 1005 interrogo,
1545 953 1748 993 ualentior

121 1033 185 1066 est
215 1039 341 1078 quam
385 1026 489 1064 ratio
533 1039 584 1064 an
617 1025 840 1064 infirmior?
884 1026 918 1064 si
960 1025 1185 1073 ualentior,
1228 1025 1446 1077 quomodo
1484 1024 1537 1069 illi
1570 1024 1747 1063 modum

119 1097 224 1136 ratio
256 1096 410 1149 poterit
442 1090 800 1148 inponere,(cum
843 1109 990 1148 parere
1032 1096 1106 1134 nisi
1147 1095 1401 1135 inbecilliora
1440 1109 1525 1134 non
1556 1094 1745 1134 soleant?

119 1168 152 1206 si
183 1167 381 1206 infirmior
413 1172 498 1214 est,
540 1167 627 1205 sine
670 1166 749 1205 hac
790 1179 865 1218 per
905 1179 950 1205 se
989 1167 1042 1205 ad
1085 1180 1223 1205 rerum
1256 1165 1427 1205 effectus
1459 1165 1611 1204 sufficit
1640 1166 1746 1204 ratio

119 1251 196 1276 nec
243 1237 453 1276 desiderat
510 1236 772 1276 inbecillioris
825 1236 1036 1276 auxilium.
1097 1244 1140 1276 at
1188 1237 1278 1276 irati
1329 1237 1500 1288 quidam
1554 1242 1747 1275 constant

117 1307 195 1347 sibi
244 1314 285 1347 et
327 1321 372 1347 se
420 1308 645 1347 continent.
708 1308 906 1359 quando?
969 1321 1064 1347 cum
1113 1308 1195 1346 iam
1238 1308 1296 1346 ira
1337 1307 1546 1346 euanescit
1589 1312 1631 1345 et
1674 1315 1748 1344 sua

118 1384 270 1431 sponte
301 1378 478 1430 decedit,
521 1392 605 1417 non
629 1392 723 1417 cum
757 1379 796 1417 in
828 1379 918 1430 ipso
950 1377 1114 1417 feruore
1147 1385 1220 1417 est.
1274 1383 1373 1416 tunc
1395 1378 1504 1416 enim
1535 1380 1748 1429 potentior

119 1456 193 1489 est.
255 1449 355 1500 quid
378 1451 507 1500 ergo?
532 1462 617 1488 non
640 1448 863 1500 aliquando
886 1449 925 1487 in
947 1449 1005 1488 ira
1027 1462 1195 1500 quoque
1218 1455 1259 1488 et
1282 1449 1495 1487 dimittunt
1516 1446 1747 1486 incolumes

117 1520 378 1570 intactosque
401 1533 508 1571 quos
538 1519 716 1558 oderunt
749 1524 790 1558 et
818 1532 841 1557 a
864 1520 1057 1558 nocendo
1081 1519 1312 1558 abstinent?
1346 1518 1510 1558 faciunt.
1553 1518 1745 1570 quando?

117 1602 212 1629 cum
255 1589 442 1628 adfectus
484 1590 732 1642 repercussit
775 1591 987 1629 adfectum
1040 1598 1079 1628 et
1130 1597 1201 1629 aut
1243 1596 1378 1629 metus
1421 1595 1492 1628 aut
1545 1588 1745 1641 cupiditas

117 1660 269 1712 aliquid
312 1660 544 1712 inpetrauit.
606 1673 690 1698 non
736 1660 904 1699 rationis
947 1666 1045 1699 tunc
1087 1659 1290 1699 beneficio
1334 1660 1511 1711 quieuit,
1564 1660 1640 1698 sed
1672 1659 1744 1697 ad-

118 1730 302 1770 fectuum
336 1729 461 1768 infida
493 1736 534 1769 et
567 1730 676 1769 mala
707 1744 822 1782 pace.

235 1801 306 1841 IX.
338 1801 504 1840 Deinde
546 1800 642 1839 nihil
684 1800 812 1839 habet
845 1801 883 1839 in
915 1814 960 1840 se
992 1800 1090 1839 utile
1129 1814 1206 1839 nec
1238 1801 1347 1839 acuit
1378 1801 1562 1869 animum
1595 1801 1649 1838 ad
1682 1812 1747 1838 res

116 1871 295 1911 bellicas.
357 1884 586 1923 numquam
631 1871 740 1910 enim
783 1871 912 1910 uirtus
955 1871 1054 1910 uitio
1096 1871 1331 1910 adiuuanda
1363 1877 1426 1910 est
1458 1884 1503 1910 se
1518 1876 1743 1910 c.ontenta

116 1943 308 1994 quotiens
340 1942 480 1994 inpetu
514 1956 619 1994 opus
653 1948 728 1990 est,
753 1956 845 1981 ·non
867 1943 1062 1989 irascitur,
1095 1942 1171 1981 sed
1201 1942 1367 2007 exurgit
1399 1948 1440 1980 et
1472 1942 1512 1980 in
1543 1947 1746 1992 quantum
1767 1961 1781 1980 ·.

87 2014 314 2082 putaubit
309 2026 414 2065 opus
447 2026 549 2061 esse,
593 2013 823 2051 concitatur
854 2013 1171 2064 remittiturque,
1214 2026 1300 2052 non
1332 2012 1448 2051 aliter
1481 2025 1608 2064 quam
1641 2025 1747 2063 quae

87 2059 336 2132 ffoiirfieritis
360 2084 648 2136 exprimuntur
670 2082 763 2130 tela,
797 2083 835 2121 in
857 2089 1071 2135 potestate
1101 2083 1302 2122 mittentis
1334 2088 1430 2121 sunt
1462 2083 1501 2121 in
1545 2088 1747 2134 quantum

116 2160 397 2206 torqueantur.
456 2167 536 2202 zm,
571 2154 702 2205 inquit
735 2153 997 2201 Aristoteles,
1031 2167 1264 2192 necessumst
1296 2160 1367 2192 est.
1422 2166 1492 2191 nec
1523 2165 1746 2204 qumquam

115 2225 206 2263 sine
246 2224 323 2263 illa
355 2225 599 2275 expugnari
627 2230 787 2275 potest,
833 2224 919 2262 nisi
958 2224 1035 2263 illa
1078 2224 1211 2275 inplet
1248 2224 1440 2262 animum
1481 2229 1523 2262 et
1550 2223 1747 2274 spiritum

87 2290 95 2298 '
116 2294 311 2334 accendit.
374 2294 571 2333 utendum
614 2300 753 2333 aulem
795 2294 872 2333 illa
914 2301 979 2333 est
1015 2308 1096 2333 non
1138 2301 1186 2333 nt
1224 2294 1347 2343 duce,
1399 2293 1478 2333 scd
1516 2300 1563 2332 ut
1601 2293 1744 2332 milite.

270 2493 292 2526 4
319 2495 426 2531 affect;
604 2493 622 2527 ’ἶ
649 2505 683 2525 se
708 2494 861 2524 liberabit
885 2493 1013 2527 ceteri:
1043 2493 1226 2524 seliberauit
1392 2494 1411 2527 9
1440 2489 1747 2538 apparetsserua

117 2547 203 2595 ias.)
368 2553 408 2586 11
428 2556 518 2597 post
544 2553 758 2584 aduocabatis
784 2551 937 2586 alleram
959 2556 1103 2597 partem
1130 2552 1451 2597 arqamenlationis
1476 2552 1641 2586 omissam
1670 2562 1748 2586 esse

117 2622 240 2657 Haase
266 2621 444 2657 intellexit
627 2623 672 2657 20
698 2611 843 2666 adfectus
867 2627 900 2657 et
924 2611 1055 2664 adfectu
1086 2621 1272 2666 utrobique
1297 2623 1312 2654 f
1333 2633 1413 2667 sup.
1440 2624 1460 2654 d
1486 2633 1557 2659 scr.

117 2694 159 2727 21
188 2696 358 2726 affectuum
519 2694 562 2728 25)
590 2696 710 2737 impetu
877 2695 1016 2735 exsurgit
1192 2695 1235 2726 ¹213
1262 2695 1493 2736 remittiturque
1518 2692 1530 2737 ]
1558 2694 1748 2735 enititurque

118 2742 286 2797 Maduiq',
313 2752 380 2786 sed
404 2752 496 2786 illud
519 2763 590 2787 uon
617 2752 862 2797 temptandum
888 2762 968 2786 esse
993 2751 1085 2785 m'dz't
1104 2749 1306 2785 Schultess:
1336 2756 1374 2785 uc
1400 2752 1480 2792 tela,
1507 2763 1599 2796 quae
1623 2753 1658 2786 in
1679 2762 1746 2796 po-

118 2814 244 2844 testate
262 2811 428 2845 mitleulz's
445 2816 537 2850 sunt,
564 2812 679 2857 massis
705 2812 866 2845 minusue
893 2815 1115 2855 torquentur,
1142 2810 1191 2843 ita
1217 2810 1307 2844 iram
1334 2811 1399 2855 qui
1422 2811 1500 2845 eius
1526 2820 1670 2855 compos
1696 2815 1746 2843 est

120 2868 225 2903 modo
244 2869 407 2909 eoncitat,
432 2869 538 2904 modo
563 2870 707 2904 remittit
851 2870 895 2904 ’Ξῖ
922 2870 1163 2914 sunt*(parua
1191 2874 1278 2908 ras.)

1772 894 1801 919 10

1771 1249 1800 1272 15

1766 1606 1800 1631 20

1767 2308 1800 2333 30
