2008 3221
198 861 229 886 10

195 1219 225 1243 15

191 1574 224 1599 20

193 2287 227 2311 31»

255 128 309 166 50
756 122 859 148 DIAL.
883 122 934 149 ΙΙΙ,
973 121 1026 146 DE
1046 121 1115 147 IRA
1137 121 1208 148 LIB.
1229 121 1252 148 Ι.
1277 122 1306 148 16
1331 123 1370 148 17.
1403 141 1430 163 s

254 221 383 260 noxio
425 218 642 272 imperabo
682 219 863 271 praecidi
895 224 937 257 et
970 231 1064 257 cum
1096 218 1320 270 parricidas
1352 218 1512 258 insuam
1547 218 1680 259 culleo
1712 225 1754 259 et
1785 233 1880 259 cum

253 292 417 330 mittam
448 291 488 329 in
519 289 763 342 supplicium
781 288 970 328 ‘militare
992 294 1034 328 et
1055 302 1149 341 curn
1172 289 1352 342 Tarpeio
1373 290 1635 342 proditorem
1658 289 1880 330 hostemue

251 361 461 415 publicum
494 361 702 414 inponam,
735 360 822 399 sine
853 360 911 399 ira
943 373 995 399 eo
1028 359 1144 399 uoltu
1176 361 1400 412 animoque
1432 374 1517 409 ero,
1547 375 1632 413 quo
1665 367 1880 413 serpentes

252 437 293 472 et
324 431 515 471 animalia
546 436 752 470 uenenata
782 431 982 483 percutio.
1044 431 1255 470 iracundia
1293 444 1399 484 opus
1430 437 1493 471 est
1525 432 1580 471 ad
1611 432 1879 485 puniendum.

251 502 374 555 quid?
427 502 500 541 tibi
541 501 612 541 lex
655 502 818 541 uidetur
848 502 966 541 irasci
997 502 1064 550 iis,
1096 484 1319 554 quos‘non
1351 503 1479 551 nouit,
1511 516 1618 555 quos
1637 483 1734 542 Qnon
1767 503 1881 551 uidit,

250 586 356 626 quos
388 558 472 612 {ion
504 572 664 612 futuros
695 574 863 625 sperat?
903 571 1010 612 'illius
1041 573 1181 625 itaque
1213 573 1441 613 sumendus
1473 579 1537 613 est
1569 574 1742 622 animus,
1774 587 1880 626 quae

249 657 333 683 non
366 644 566 692 irascitur,
609 645 684 682 sed
719 644 941 683 constituit.
1004 657 1100 683 nam
1133 644 1166 683 si
1197 643 1313 683 bono
1346 643 1434 683 uiro
1467 644 1524 683 ob
1557 644 1666 684 mala
1698 644 1880 685 facinora

249 715 364 754 irasci
406 714 617 762 conuenit,
660 719 701 753 et
743 714 800 753 ob
842 715 1046 754 secundas
1088 727 1154 753 res
1196 713 1403 754 malorum
1446 713 1663 755 hominum
1695 715 1879 755 inuidere

250 785 480 825 conueniet.
541 785 641 837 quid
673 785 783 825 enim
816 790 879 825 est
909 785 1116 837 indignius
1148 778 1275 837 qu'am
1308 785 1459 825 florere
1490 786 1699 838 quosdam
1732 791 1774 826 et
1805 800 1879 826 eos

250 855 505 907 indulgentia
545 855 737 895 fortunae
767 855 899 904 abuti,
941 856 1090 908 quibus
1122 855 1232 895 nulla
1263 862 1407 909 potest
1438 857 1536 895 satis
1568 856 1679 896 mala
1710 857 1879 897 inueniri

247 926 437 966 fortuna?
500 927 576 965 sed
624 915 711 965 tam
752 927 982 966 commoda
1023 926 1187 966 illorum
1229 927 1316 966 sine
1357 927 1509 966 inuidia
1550 927 1709 967 uidebit
1751 941 1878 981 quam

246 995 401 1036 scelera
431 997 519 1036 sine
554 997 622 1037 ira.
675 998 811 1037 bonus
843 997 971 1037 iudex
1004 998 1177 1037 damnat
1208 997 1483 1050 inprobanda,
1515 1012 1600 1037 non
1628 999 1727 1038 odit.
1780 999 1879 1052 quid

246 1070 376 1119 ergo?
439 1081 540 1116 non,
594 1082 689 1108 cum
731 1068 936 1108 eiusmodi
978 1067 1131 1121 aliquid
1172 1069 1337 1122 sapiens
1378 1067 1552 1108 habebit
1593 1069 1634 1108 in
1676 1070 1879 1118 manibus,

245 1144 440 1189 tangetur
480 1139 641 1190 animus
683 1139 768 1179 eius
811 1140 971 1192 eritque
1012 1139 1137 1179 solito
1180 1139 1462 1179 commotior?
1516 1139 1661 1181 fateor.
1729 1141 1879 1180 sentiet

246 1208 381 1248 leuem
423 1210 635 1262 quendam
678 1216 932 1263 tenuemque
975 1215 1151 1250 motum.
1224 1224 1341 1259 nam,
1393 1215 1438 1249 ut
1481 1211 1580 1250 dicit
1622 1211 1786 1259 Zenon,
1833 1210 1878 1250 2'72

244 1279 447 1331 sapientis
477 1293 635 1333 quoque
665 1281 830 1330 animo,
862 1281 992 1321 etiam
1034 1294 1126 1320 cnm
1159 1281 1308 1320 uolnus
1339 1286 1540 1320 sanatum
1572 1287 1654 1331 est,
1700 1280 1879 1320 cicatrix

246 1357 395 1391 manet.
456 1352 607 1391 sentiet
638 1352 778 1404 itaque
809 1353 1066 1405 suspiciones
1098 1352 1305 1404 quasdam
1338 1358 1380 1391 et
1411 1352 1582 1392 umbras
1604 1351 1871 1392 adfectuum:

243 1421 339 1473 ipsis
371 1422 541 1474 quidem
574 1422 742 1462 carebit.

361 1492 496 1532 XVII.
550 1492 804 1533 Aristoteles
845 1494 901 1533 ait
933 1493 1127 1545 adfectus
1167 1492 1392 1546 quosdam,
1436 1492 1479 1532 si
1516 1493 1610 1546 quis
1651 1492 1740 1532 illis
1777 1493 1878 1533 bene

245 1568 405 1611 utatur,
439 1569 523 1614 pro
565 1564 698 1602 armis
737 1577 838 1605 esse.
909 1565 1024 1617 quod
1066 1577 1211 1604 uerum
1253 1563 1378 1613 foret,
1420 1564 1453 1604 si
1494 1563 1607 1604 uelut
1638 1564 1786 1604 bellica
1816 1564 1875 1604 in-

243 1639 475 1673 strumenta
515 1635 621 1674 sumi
665 1635 904 1688 deponique
935 1640 1110 1688 possent
1141 1635 1349 1674 induentis
1380 1634 1563 1675 arbitrio.
1626 1635 1730 1674 haec
1761 1649 1877 1675 arma

243 1719 349 1757 quae
380 1704 634 1745 Aristoteles
676 1706 814 1746 uirtuti
848 1707 939 1755 dat,
980 1707 1070 1759 ipsa
1100 1719 1176 1759 per
1206 1719 1252 1745 se
1281 1711 1489 1759 pugnant,
1531 1718 1617 1745 non
1649 1711 1876 1759 expectant

244 1789 425 1824 manum,
458 1781 499 1815 et
530 1775 700 1825 habent,
732 1790 818 1817 non
850 1776 1069 1817 habentur.
1131 1775 1186 1816 nil
1217 1776 1303 1817 aliis
1335 1777 1619 1816 instrumentis
1651 1790 1757 1829 opus
1786 1782 1870 1816 est:

244 1847 342 1886 satis
373 1860 450 1886 nos
481 1847 675 1887 instruxit
706 1848 867 1888 ratione
899 1853 1057 1888 natura.
1120 1847 1203 1887 hoc
1235 1847 1353 1887 dedit
1383 1846 1530 1896 telum,
1573 1847 1750 1896 firmum,
1781 1861 1874 1900 per-

212 1923 434 1970 ·petuum,
486 1917 740 1971 obsequens,
783 1932 861 1958 nec
905 1932 1059 1972 anceps
1099 1931 1178 1958 nec
1220 1919 1336 1971 quod
1378 1919 1418 1957 in
1461 1919 1679 1958 dominum
1721 1918 1876 1958 remitti

243 1993 398 2041 posset.
460 2003 543 2028 non
585 1990 640 2029 ad
682 1990 990 2042 prouidendum
1022 1995 1204 2038 tantum,
1245 1990 1321 2028 sed
1354 1990 1408 2028 ad
1440 2002 1506 2028 res
1537 1989 1744 2041 gerendas
1775 1989 1874 2029 satis

244 2064 307 2097 θεῖ
348 2072 422 2111 per
463 2072 507 2098 se
549 2060 637 2113 ipsa
679 2061 796 2101 ratio.
859 2061 1014 2100 etenim
1056 2060 1157 2113 quid
1199 2065 1263 2100 est
1306 2059 1469 2099 stultius
1511 2073 1637 2112 quam
1680 2059 1788 2099 hanc
1819 2059 1873 2099 ab

244 2129 452 2168 iracundia
469 2135 613 2182 petere
631 2131 896 2183 praesidium,
917 2145 1005 2171 rem
1024 2131 1217 2171 stabilem
1233 2130 1286 2170 ab
1299 2131 1466 2179 incerta,
1489 2129 1657 2170 fidelem
1669 2130 1723 2170 ab
1735 2129 1873 2179 infida,

244 2212 388 2239 sanam
421 2200 474 2239 ab
507 2203 659 2252 aegra?
722 2203 832 2254 quid,
865 2203 981 2254 quod
1013 2203 1068 2242 ad
1100 2202 1287 2241 actiones
1318 2215 1498 2253 quoque,
1530 2201 1570 2240 in
1598 2200 1747 2253 quibus
1775 2200 1873 2241 solis

249 2284 376 2323 opera
408 2271 642 2311 iracundiae
675 2273 838 2312 uidetur
868 2273 1111 2320 necessaria,
1144 2271 1277 2312 multo
1308 2286 1383 2325 per
1414 2285 1460 2311 se
1491 2272 1596 2311 ratio
1618 2271 1765 2311 fortior
1787 2274 1872 2311 est?

247 2354 342 2380 nam
376 2353 469 2380 cum
501 2342 694 2382 iudicauit
726 2343 879 2397 aliquid
911 2343 1158 2391 faciendum,
1190 2344 1231 2382 in
1263 2356 1315 2382 eo
1337 2348 1588 2395 perseuerat.
1640 2341 1739 2381 nihil
1764 2342 1872 2381 enim

247 2410 391 2450 melius
423 2412 639 2452 inuentura
671 2418 733 2453 cst
765 2427 810 2453 se
841 2415 949 2467 ipsa,
992 2428 1076 2466 quo
1109 2419 1304 2453 mutetur.
1342 2414 1462 2453 -ideo
1495 2419 1577 2453 stat
1608 2411 1739 2452 semel
1772 2425 1870 2451 con-

245 2482 417 2521 stitutis:
464 2483 565 2522 iram
598 2498 723 2536 saepe
757 2485 1039 2525 misericordia
1070 2490 1182 2524 retro
1216 2485 1311 2535 egit.
1374 2483 1503 2523 habet
1532 2484 1641 2523 enim
1670 2497 1753 2522 non
1776 2483 1870 2523 soli-

247 2552 346 2591 dum
390 2552 528 2601 robur,
560 2555 635 2592 sed
667 2569 820 2594 uanum
854 2561 1065 2595 tumorem
1089 2554 1364 2607 uiolentisque
1386 2554 1593 2607 principiis
1617 2554 1752 2601 utitur,
1787 2568 1871 2593 non

247 2730 266 2759 :z
293 2729 377 2759 uultu
471 2729 511 2760 1ss
538 2727 620 2760 uuln'
716 2731 752 2763 ili
785 2732 926 2764 affectus}
1022 2734 1061 2764 15)
1089 2728 1190 2763 affect'
1279 2730 1323 2763 ‘22
1349 2725 1606 2772 queatistoteles
1632 2732 1665 2769 (a
1689 2738 1873 2774 superscr-

247 2797 289 2818 m.
314 2797 371 2830 pr.
401 2792 436 2819 u!
463 2786 549 2828 uid.)
662 2788 702 2821 ‘2⁴5
735 2791 858 2821 ratione
885 2788 1099 2823 deteriore.s·:
1136 2791 1250 2821 rationi
1364 2787 1408 2822 29
1434 2789 1510 2819 ab*
1527 2799 1603 2829 egra
1716 2787 1872 2830 quidquid

247 2846 288 2875 ad
315 2847 458 2877 actiones
485 2845 535 2879 B:
564 2847 834 2888 quidqciactioncs

1907 430 1927 463 (Ji

1907 997 1926 1004 .—

1912 1009 1922 1032 ί

1906 1499 1922 1532 1
