1977 3231
414 137 516 164 DIAL.
538 137 600 163 VII.
639 137 694 162 AD
716 137 949 164 GALLIONEM
973 138 1023 164 DE
1043 138 1136 164 VlTA
1156 139 1298 165 ΒΕΑΤΑ.
1337 141 1360 167 2.
1381 141 1406 166 53.
1638 146 1716 183 157

52 242 71 275 3
99 233 292 274 fatebitur
335 247 383 273 ac
426 234 560 273 dicet:
606 235 807 287 quidquid
849 235 924 274 feci
967 235 1124 283 adhuc,
1167 235 1362 276 infectum
1407 250 1497 276 esse
1541 233 1718 277 mallem.

44 1579 64 1612 10

96 305 294 358 quidquid
328 304 413 344 dixi
446 318 539 343 cum
573 306 771 356 recogito,
805 306 928 345 mutis
959 306 1135 346 inuideo.
1179 307 1381 359 quidquid
1403 307 1556 360 optaui‚
1590 309 1717 347 inimi-

95 389 239 415 corum
272 376 581 414 execrationem
615 382 728 427 puto.
790 376 990 428 quidquid
1022 377 1148 424 timui,
1181 377 1222 416 di
1253 377 1371 425 boni,
1402 385 1559 430 quanto
1593 379 1719 418 leuius

95 445 167 486 fuit
198 459 322 498 quam
356 446 469 497 quod
503 446 717 497 concupii?
751 459 845 485 cum
875 445 1011 485 multis
1033 446 1260 485 inimicitias
1284 448 1392 499 gessi
1415 454 1456 487 et
1479 449 1517 487 in
1541 449 1716 500 gratiam

95 529 149 556 ex
182 517 291 563 odio,
324 517 355 555 si
388 516 518 555 modo
551 515 630 554 ulla
662 516 767 556 inter
798 516 932 555 malos
964 517 1095 568 gratia
1128 522 1201 563 est,
1234 518 1354 557 redii:
1394 518 1587 571 mihiipsi
1612 533 1712 558 non-
1740 531 1754 553 f»

95 587 195 626 dum
237 587 392 625 amicus
434 600 536 626 sum.
599 600 769 626 omnem
803 600 975 639 operam
1009 588 1127 634 dedi,
1161 593 1205 626 ut
1238 601 1305 626 me
1338 588 1586 628 multitudini
1619 591 1718 629 edu-

93 671 230 698 cerem
273 664 313 696 et
356 657 491 709 aliqua
533 657 633 696 dote
675 657 905 697 notabilem
948 656 1147 697 facerem:
1195 659 1294 710 quid
1327 658 1435 698 aliud
1468 673 1593 711 quam
1629 659 1719 700 telis

95 741 162 768 me
204 729 380 780 opposui
424 735 464 767 et
503 727 808 767 maliuolentiae
839 729 954 780 quod
989 728 1201 767 morderet
1235 730 1425 768 ostendi?
1469 731 1586 769 uides
1619 731 1719 770 istos

93 800 161 852 qui
193 799 473 851 eloquentiam
506 797 688 846 laudant,
721 799 790 850 qui
823 812 924 851 opes
947 805 1184 851 sequuntur,
1217 799 1286 851 qui
1309 800 1464 851 gratiae
1488 799 1718 849 adulantur,

92 870 161 922 qui
202 870 433 921 potentiam
478 868 710 909 extollunt?
763 882 910 908 omnes
953 875 1024 908 aut
1064 876 1159 908 sunt
1200 869 1344 909 hostes
1385 877 1475 917 aut,
1520 871 1634 922 quod
1678 871 1717 910 in

94 953 229 992 aequo
273 946 357 987 est,
400 953 490 979 esse
532 946 717 992 possunt.
780 953 905 992 quam
950 953 1125 991 magnus
1158 941 1391 979 mirantium
1424 946 1510 980 tam
1545 955 1720 993 magnus

93 1010 363 1049 inuidentium
405 1010 582 1062 populus
626 1016 707 1048 est:
755 1010 853 1062 quin
885 1010 1024 1062 potius
1055 1024 1212 1062 quaero
1244 1010 1411 1064 aliquod
1444 1024 1517 1066 usu
1549 1012 1719 1060 bonum,

94 1080 208 1132 quod
241 1080 427 1127 sentiam,
461 1093 544 1119 non
577 1081 692 1132 quod
725 1081 975 1120 ostendam?
1008 1081 1084 1120 ista
1116 1094 1222 1133 quae
1254 1087 1504 1133 spectantur,
1537 1083 1590 1121 ad
1613 1096 1720 1134 quae

94 1151 340 1199 consistitur,
373 1164 481 1202 quae
513 1150 617 1190 alter
645 1150 761 1190 alteri
783 1157 954 1202 stupens
978 1157 1194 1199 monstrat,
1226 1151 1323 1191 foris
1346 1153 1487 1200 nitent,
1519 1153 1719 1192 introrsus

100 1222 249 1261 misera
280 1227 385 1261 sunt.

209 1292 276 1331 III.
330 1291 591 1345 Quaeramus
623 1292 792 1344 aliquod
826 1307 909 1332 non
941 1294 979 1332 in
1012 1294 1193 1346 speciem
1226 1294 1398 1341 bonum,
1430 1295 1504 1333 sed
1537 1294 1716 1334 solidum

91 1370 133 1402 et
173 1362 344 1415 aequale
386 1370 428 1402 et
471 1376 494 1402 a
532 1364 754 1403 secretiore
798 1369 915 1416 parte
958 1362 1189 1403 formosius.
1252 1363 1333 1403 hoc
1375 1378 1578 1404 eruamus.
1641 1378 1718 1404 nec

91 1433 216 1485 longe
248 1434 428 1486 positum
462 1440 536 1473 est.
587 1434 827 1473 inuenietur.
879 1435 982 1473 scire
1013 1440 1175 1473 tantum
1209 1448 1313 1486 opus
1347 1440 1409 1475 est
1441 1449 1524 1487 quo
1548 1449 1716 1475 manum

90 1504 297 1556 porrigas:
344 1518 451 1543 nunc
492 1504 604 1543 uelut
646 1505 685 1543 in
727 1505 909 1544 tenebris
952 1506 1083 1544 uicina
1125 1506 1344 1545 transimus
1384 1506 1636 1545 offensantes
1669 1519 1718 1545 ea

90 1574 178 1626 ipsa
210 1587 316 1626 quae
350 1576 646 1614 desideramus.
699 1576 773 1614 sed
807 1589 859 1614 ne
890 1582 931 1614 te
964 1589 1037 1628 per
1069 1576 1302 1616 circumitus
1336 1576 1509 1624 traham,
1542 1576 1716 1616 aliorum

89 1644 257 1696 quidem
291 1646 506 1697 opiniones
537 1646 787 1698 praeteribo.
849 1659 946 1685 nam
979 1652 1020 1685 et
1053 1659 1295 1686 enumerare
1327 1646 1414 1686 illas
1445 1647 1619 1699 longum
1652 1653 1716 1686 est

89 1721 131 1754 et
173 1729 422 1767 coarguere:
475 1722 663 1755 nostram
706 1717 855 1769 accipe.
919 1722 1106 1756 nostram
1149 1723 1287 1756 autem
1331 1731 1424 1756 cum
1469 1718 1583 1765 dico,
1633 1731 1715 1756 non

89 1785 228 1838 adligo
271 1800 338 1826 me
381 1788 434 1826 ad
477 1801 602 1827 unum
645 1787 823 1839 aliquem
863 1801 917 1826 ex
951 1786 1102 1827 Stoicis
1135 1788 1385 1840 proceribus.
1449 1795 1512 1828 est
1545 1795 1586 1828 et
1618 1788 1717 1827 mihi

89 1858 285 1897 censendi
327 1858 397 1897 ius.
459 1859 598 1910 itaque
640 1857 819 1910 aliquem
851 1871 1022 1910 sequar,
1069 1858 1247 1910 aliquem
1281 1859 1434 1898 iubebo
1467 1859 1716 1898 sententiam

90 1927 283 1967 diuidere.
344 1928 520 1968 fortasse
562 1935 604 1969 et
646 1934 743 1981 post
785 1942 930 1968 omnes
973 1929 1122 1968 citatus
1164 1929 1260 1968 nihil
1302 1929 1538 1981 inprobabo
1571 1943 1625 1968 ex
1658 1930 1715 1976 iis,

89 2012 196 2051 quae
226 2000 385 2051 priores
417 2000 695 2047 decreuerint,
729 2005 770 2038 et
804 2000 960 2038 dicam:
1008 1999 1089 2038 hoc
1121 2000 1295 2051 amplius
1328 2013 1491 2039 censeo.
1554 2000 1715 2039 interim

89 2071 203 2123 quod
242 2071 346 2110 inter
378 2070 513 2109 omnis
545 2069 712 2110 Stoicos
745 2071 959 2118 conuenit,
1003 2083 1140 2109 rerum
1173 2076 1344 2109 naturae
1377 2071 1600 2110 adsentior.
1662 2071 1714 2109 ab

88 2139 153 2180 illa
185 2154 268 2180 non
300 2140 491 2180 deerrare
524 2146 566 2179 et
597 2141 651 2179 ad
684 2140 784 2180 illius
816 2139 953 2193 legem
977 2140 1304 2193 exemplumque
1326 2140 1494 2180 formari
1515 2141 1715 2193 sapientia

89 2218 171 2251 est:
207 2211 332 2251 beata
364 2217 426 2250 est
459 2225 560 2262 ergo
594 2212 678 2250 uita
709 2211 960 2250 conueniens
992 2216 1163 2250 naturae
1195 2225 1314 2259 suae,
1347 2225 1453 2263 quae
1485 2225 1567 2251 non
1600 2211 1716 2251 aliter

89 2282 330 2333 contingere
361 2287 521 2334 potest,
560 2295 685 2333 quam
718 2283 750 2321 si
782 2282 960 2334 primum
994 2295 1093 2320 sana
1126 2295 1243 2321 mens
1276 2288 1339 2321 est
1372 2288 1413 2321 et
1446 2283 1483 2321 in
1516 2288 1716 2335 perpetua

90 2397 367 2415 —lbvs—.

258 2505 268 2537 1
301 2508 333 2538 ec
359 2503 379 2537 ⁴2
407 2508 439 2537 et
466 2503 634 2548 deinceps
659 2504 812 2545 quicquid
982 2504 1002 2536 2
1030 2505 1124 2535 mutis
1153 2501 1346 2539 Gruterus:
1384 2506 1416 2535 in
1441 2505 1548 2536 multis

89 2586 108 2619 5
136 2587 286 2618 exodio-x-
428 2587 620 2617 redii-mihi
646 2589 693 2624 (m
720 2585 865 2620 uidetur
890 2586 999 2628 corr.)
1144 2585 1165 2620 8
1199 2568 1363 2618 uides¹Stos
1500 2587 1540 2620 14
1580 2592 1714 2619 mostrat

233 2644 274 2677 216
311 2645 445 2686 aliquod
471 2644 549 2679 cod.
579 2646 611 2685 (d
639 2644 784 2678 uidetur
810 2654 860 2678 ew
885 2649 895 2676 t
922 2648 1032 2683 corr.)
1061 2646 1182 2686 aliquid
1208 2644 1316 2689 uulqo
1341 2650 1423 2690 pos!
1451 2645 1564 2691 Neap.

90 2702 133 2737 18
174 2704 313 2745 positum
359 2715 427 2735 esse
461 2704 636 2735 inuenietur
673 2702 780 2737 Gertz
816 2705 955 2745 positum
991 2705 1167 2735 inuenietur
1200 2702 1350 2748 Madm'q
1386 2703 1519 2737 iniuria
1553 2708 1713 2749 uterque,

88 2762 255 2806 quoniam
290 2761 329 2796 id
360 2761 459 2807 quod
490 2772 560 2796 non
595 2762 699 2807 lonqe
724 2762 884 2807 positum
911 2767 961 2796 esc
988 2762 1056 2796 cito
1083 2762 1201 2806 (quam
1228 2773 1349 2797 uocem
1376 2762 1547 2797 inutiliter
1572 2762 1715 2797 addidit

1667 2821 1683 2845 h

90 2854 311 2902 Stephanus)
337 2856 495 2890 inueniri
517 2855 606 2890 solet
773 2855 816 2890 23
850 2857 950 2898 alligo
1063 2868 1109 2888 es:
1248 2856 1291 2890 ‘24'
1318 2858 1397 2898 itaq;
1413 2867 1433 2885 κ
1567 2857 1611 2891 25
1636 2858 1714 2888 exiis

1743 882 1771 906 10

1740 1234 1771 1258 15

1737 1585 1770 1611 20

1737 1938 1768 1963 25

1735 2291 1768 2316 30
