1977 3231
39 391 59 424 10

47 1878 67 1910 10

390 143 495 170 DIAL.
511 143 574 171 Vll.
612 144 667 170 AD
688 143 921 170 GALLIONEM
942 144 994 170 DE
1013 143 1107 169 VITA
1127 144 1268 171 BEATA.
1308 145 1334 170 9.
1357 145 1398 171 io.
1623 148 1703 187 163

85 248 171 282 tem
210 246 470 294 praestatura
501 240 629 280 uirtus
662 247 745 289 est,
789 242 885 281 ideo
917 247 1089 295 propter
1120 240 1227 280 hanc
1258 241 1421 294 petitur.
1483 254 1566 280 non
1599 241 1707 280 enim

85 313 191 353 hanc
232 317 438 366 praestat,
480 312 555 351 sed
597 317 638 351 et
679 312 807 360 hanc,
849 325 926 351 nec
965 311 1059 351 huic
1098 311 1282 359 laborat,
1334 312 1409 351 sed
1451 311 1571 350 labor
1614 311 1710 358 eius,

85 384 274 436 quamuis
306 381 412 421 aliud
446 388 573 434 petat,
605 382 687 421 hoc
718 394 887 434 quoque
919 382 1183 434 adsequetur.
1245 383 1347 421 sicut
1379 382 1419 421 in
1451 395 1563 429 aruo,
1595 382 1710 434 quod

85 454 216 506 segeti
247 453 499 506 proscissum
532 459 606 501 est,
639 453 760 506 aliqui
793 453 916 492 flores
948 453 1297 500 internascuntur,
1330 466 1414 491 non
1447 459 1587 492 tamen
1619 451 1712 491 huic

85 524 304 572 herbulae,
346 524 535 576 quamuis
568 523 749 563 delectet
790 523 954 569 oculos,
997 529 1158 562 tanturn
1193 523 1329 575 operis
1362 523 1616 575 insumptum
1649 529 1712 562 est
1733 534 1748 557 5

87 619 141 623 -—
175 594 283 634 aliud
324 593 397 634 fuit
439 594 590 634 serenti
631 594 914 647 propositum,
956 593 1038 632 hoc
1074 595 1309 646 superuenit
1343 617 1397 621 ——
1430 594 1487 633 sic
1518 593 1712 646 uoluptas

86 679 170 704 non
202 671 266 704 est
297 678 457 704 merces
489 678 566 704 nec
598 677 721 703 causa
752 664 927 711 uirtutis,
952 664 1028 703 sed
1060 664 1254 711 accessio,
1287 677 1364 702 nec
1395 664 1489 716 quia
1519 664 1712 712 delectat,

87 735 234 789 placet,
267 736 342 775 sed
374 736 405 775 si
437 735 586 788 placet,
618 741 659 774 et
694 735 884 775 delectat.
939 748 1147 774 summum
1179 734 1337 774 bonum
1370 735 1408 773 in
1439 735 1530 787 ipso
1564 735 1713 774 iudicio

87 813 149 847 est
193 813 234 846 et
265 806 409 846 habitu
441 807 625 858 optimae
658 807 828 853 mentis,
871 819 978 857 quae
1010 819 1104 844 cum
1138 818 1290 844 munus
1320 819 1439 844 suum
1472 805 1641 857 inpleuit
1673 812 1713 844 et

85 877 234 917 finibus
281 891 326 917 se
367 878 448 916 suis
493 877 642 925 cinxit,
697 882 1035 916 consummatum
1078 881 1141 915 est
1183 890 1393 916 summum
1436 877 1594 916 bonum
1638 889 1714 915 nec
1738 888 1768 912 ιο

86 949 307 1000 quicquam
339 947 515 1000 amplius
538 948 759 987 desiderat.
812 946 909 986 nihil
931 947 1040 986 enirn
1064 953 1184 986 extra
1208 953 1344 986 totum
1368 952 1442 995 est,
1474 961 1559 986 non
1582 947 1715 998 magis

87 1031 212 1070 quarn
256 1019 361 1059 ultra
403 1019 539 1058 finem.
603 1019 740 1071 itaque
783 1031 915 1070 erras,
959 1031 1053 1057 cum
1097 1019 1351 1069 interrogas,
1393 1018 1491 1071 quid
1523 1019 1575 1057 sit
1606 1017 1715 1064 illud,

87 1094 259 1142 propter
290 1091 404 1141 quod
434 1090 628 1128 uirtutem
651 1095 820 1142 petam:
857 1091 1019 1141 quaeris
1041 1089 1150 1128 enim
1174 1088 1325 1141 aliquid
1347 1103 1472 1142 supra
1494 1102 1715 1128 summum.

88 1160 334 1213 interrogas,
367 1161 467 1212 quid
498 1166 640 1212 petam
664 1173 719 1199 ex
742 1161 919 1200 uirtute?
962 1160 1106 1212 ipsam.
1159 1159 1255 1198 nihil
1279 1161 1388 1199 enim
1410 1159 1538 1199 habet
1561 1158 1717 1206 melius,

87 1233 175 1284 ipsa
216 1231 393 1284 pretium
437 1231 507 1270 sui.
570 1245 622 1270 an
663 1230 745 1270 hoc
781 1244 927 1283 parum
960 1243 1159 1282 magnum
1193 1236 1276 1278 est,
1320 1244 1414 1269 cum
1446 1229 1520 1269 tibi
1552 1230 1712 1268 dicam:
1743 1241 1771 1265 ιτ»

88 1316 298 1342 summum
341 1302 500 1341 bonum
534 1307 596 1341 est
628 1301 822 1353 infragilis
855 1303 980 1341 animi
1012 1302 1123 1353 rigor
1155 1306 1196 1340 et
1227 1301 1489 1354 prouidentia
1521 1306 1561 1339 et
1594 1300 1715 1339 subli-

89 1375 211 1413 mitas
244 1379 285 1412 et
316 1373 469 1412 sanitas
492 1380 533 1412 et
554 1372 723 1412 libertas
747 1378 787 1411 et
810 1372 1034 1412 concordia
1057 1378 1098 1411 et
1121 1372 1275 1411 decor?
1309 1371 1460 1424 aliquid
1483 1372 1720 1411 etiamnunc

90 1446 223 1496 exigis
246 1445 388 1491 maius,
407 1444 461 1483 ad
483 1444 599 1495 quod
621 1444 699 1483 ista
717 1443 965 1483 referantur?
988 1443 1088 1495 quid
1108 1443 1206 1482 mihi
1225 1442 1483 1496 uoluptatem
1504 1443 1718 1482 nominas?

90 1514 268 1554 hominis
290 1514 448 1553 bonum
471 1528 636 1567 quaero,
655 1528 739 1554 non
763 1515 925 1562 uentris,
949 1514 1018 1566 qui
1039 1513 1269 1566 pecudibus
1292 1527 1340 1553 ac
1357 1513 1486 1552 beluis
1499 1513 1634 1552 laxior
1645 1519 1718 1552 est.

208 1586 260 1625 X.
321 1585 587 1633 Dissimuhs,
630 1585 782 1637 inquit,
827 1585 925 1637 quid
963 1598 987 1623 a
1019 1598 1088 1624 me
1121 1584 1289 1624 dicatur.
1353 1598 1433 1636 ego
1467 1584 1575 1623 enirn
1608 1597 1719 1635 nego
1740 1593 1773 1618 20

91 1669 346 1709 quemquam
378 1669 503 1708 posse
536 1656 711 1695 iucunde
743 1656 892 1704 uiuere,
925 1656 999 1695 nisi
1030 1654 1151 1694 simul
1183 1661 1224 1694 et
1251 1655 1429 1695 honeste
1451 1655 1562 1694 uiuit.
1604 1655 1721 1706 quod

91 1741 174 1767 non
222 1732 364 1780 potest
412 1728 535 1766 mutis
577 1727 820 1779 contingere
861 1726 1102 1766 animalibus
1144 1739 1221 1765 nec
1263 1726 1421 1787 bonum
1465 1739 1584 1765 suum
1627 1725 1720 1764 cibo

93 1798 368 1838 metientibus.
432 1797 550 1844 clare,
583 1798 722 1850 inquit,
755 1811 804 1838 ac
835 1797 973 1851 palam
1005 1803 1138 1837 testor
1168 1797 1276 1836 hanc
1308 1798 1447 1845 uitam,
1481 1810 1606 1849 quam
1640 1810 1721 1848 ego

94 1869 313 1908 iucundam
357 1881 485 1917 uoco,
527 1882 612 1908 non
654 1856 727 1908 n⁹isi
770 1869 933 1908 adiecta
975 1868 1125 1908 uirtute
1167 1868 1419 1920 contingere.
1483 1869 1596 1919 atqui
1633 1867 1722 1919 quis

92 1941 257 1991 ignorat
299 1939 562 1992 plenissimos
595 1953 686 1979 esse
717 1938 1000 1992 uoluptatibus
1034 1939 1180 1979 uestris
1213 1938 1478 1979 stultissimos
1511 1940 1722 1990 quosque?
1743 1946 1776 1972 25

93 2015 134 2050 et
166 2011 389 2062 nequitiam
421 2010 636 2050 abundare
668 2010 853 2049 iucundis
876 2010 1146 2062 animumque
1166 2010 1301 2061 ipsum
1324 2022 1478 2061 genera
1500 2008 1724 2061 uoluptatis

97 2221 113 2255 1
150 2225 359 2264 prestatura*
502 2221 523 2255 4
557 2222 753 2264 proscissum
780 2219 999 2255 deteriores:
1035 2221 1215 2262 procissum
1361 2220 1380 2251 ἴ)
1414 2225 1459 2253 est
1487 2239 1529 2243 —
1557 2221 1670 2254 aliud.
1689 2247 1696 2254 .
1717 2247 1724 2254 .

95 2282 276 2323 superuenit
302 2299 346 2304 —-
373 2282 439 2313 sic:
477 2280 797 2325 interpunctionem
831 2278 1033 2314 emendam?
1067 2277 1175 2313 Gertz
1210 2283 1243 2313 et
1276 2283 1357 2313 ante
1382 2289 1459 2313 eum
1486 2278 1664 2324 Forbz'qer
1689 2279 1722 2312 iu

94 2339 390 2384 interpretatione
423 2337 658 2373 Germanica:
694 2337 915 2384 mclqabatur
948 2331 1003 2370 es't.
1041 2339 1129 2370 aliud
1164 2364 1198 2371 ..
1219 2366 1226 2372 .
1254 2339 1453 2380 superuenit:
1490 2339 1535 2370 sic

94 2399 140 2430 sie
167 2399 315 2440 uoluptas
341 2397 480 2443 Neap.:
517 2400 543 2430 si
576 2410 649 2430 cum
682 2399 829 2440 uoluptas
864 2399 957 2442 (post
991 2398 1139 2439 uoluptas
1172 2395 1310 2441 aliquid
1340 2407 1481 2431 erasum
1517 2397 1581 2438 est)

95 2456 116 2489 8
152 2456 260 2498 inipso
381 2458 401 2491 9
428 2469 490 2500 que
517 2460 571 2499 (ue
597 2458 631 2490 iu
659 2459 746 2499 ras.)
869 2467 941 2488 cum
969 2467 1082 2487 munus
1116 2467 1207 2488 suum
1236 2454 1354 2490 Koch:
1389 2467 1461 2488 curn
1494 2467 1583 2488 suum

98 2515 141 2549 12
176 2517 219 2547 ita
256 2527 286 2558 q,
313 2527 374 2558 que
407 2516 482 2560 (que
515 2515 646 2550 lineola
672 2522 883 2550 transuersa
912 2513 1078 2557 deletum)
1212 2516 1290 2546 illud
1316 2516 1340 2557 (t
1366 2514 1400 2548 in
1428 2516 1449 2546 d
1474 2515 1584 2557 corr.)

101 2573 141 2607 13
168 2579 277 2617 petam
304 2575 339 2617 (p
365 2574 509 2609 uidetur
534 2585 610 2609 esse
636 2577 748 2617 corn)
879 2575 999 2616 aliquid
1035 2575 1070 2616 (d
1096 2584 1146 2608 ecc
1172 2578 1182 2605 t
1208 2576 1317 2616 corr.)
1441 2573 1483 2608 14
1518 2574 1631 2606 melius
1658 2575 1726 2616 ipsa

99 2631 318 2668 deteriores:
355 2635 469 2666 melius
503 2638 556 2667 eni
583 2635 653 2676 ipsa
787 2634 829 2668 1ss
864 2634 1046 2665 sublimitas
1072 2632 1218 2678 Lipsius
1245 2632 1307 2676 (cfi
1335 2635 1367 2673 4,
1395 2635 1412 2666 5
1441 2635 1529 2674 quies
1555 2634 1670 2664 mentis
1696 2633 1726 2663 in

100 2696 167 2723 tuto
194 2693 366 2724 conlocata
393 2697 422 2725 et
440 2693 654 2736 sublimitas):
685 2693 845 2724 subtilitas
970 2691 1009 2725 17
1037 2692 1158 2733 aliquid
1177 2693 1215 2734 (d
1234 2701 1330 2725 corr.
1351 2702 1399 2726 ex
1418 2694 1443 2733 t)
1568 2692 1608 2725 19
1628 2702 1726 2733 quero

219 2750 262 2783 20
296 2753 398 2794 inquit
424 2754 448 2793 (t
475 2752 586 2795 corr.)
732 2752 770 2785 21
811 2752 951 2783 iocunde
977 2752 1011 2792 (o
1041 2752 1152 2792 corr.)
1288 2751 1365 2782 uiuit
1393 2749 1605 2785 deteriores:
1643 2752 1727 2782 uiuat

101 2810 133 2851 (a
161 2812 271 2850 corr.)
393 2810 436 2844 ‘2-'1
470 2811 643 2842 iocundam
672 2811 705 2853 (o
733 2812 840 2852 corr.)
970 2821 1033 2840 non
1061 2811 1119 2840 nid
1150 2807 1318 2854 Madm'q:
1357 2822 1419 2841 non
1446 2811 1471 2841 si
1592 2809 1636 2842 ‘21'-
1670 2811 1726 2840 ha-

101 2869 246 2900 bundare
369 2871 516 2901 ineundis
544 2876 577 2909 (o
604 2871 713 2911 corr.)

1378 2928 1444 2961 11*
