1977 3231
425 138 527 166 DIAL.
542 138 609 165 XII.
646 139 700 164 AD
721 139 923 165 POLYBIVM
945 140 994 165 DE
1015 139 1334 166 CONSOLATIONE.
1378 142 1416 166 11.
1437 141 1476 167 12.
1674 142 1757 183 283

97 246 116 277 23
144 239 233 273 tum
275 234 518 273 moriturum
561 234 669 274 sciui.
733 236 883 274 deinde
925 237 1072 275 adiecit
1115 250 1201 276 rem
1241 214 1412 276 inaioris
1444 241 1485 275 et
1518 236 1760 288 prudentiae

143 310 184 344 et
226 304 373 343 animi:
421 310 461 343 et
503 304 596 343 huic
629 305 683 343 rei
717 305 871 345 sustuli.
933 319 1080 345 omnes
1113 306 1204 346 huic
1237 308 1291 345 rei
1325 305 1515 346 tollimur.
1577 306 1760 358 quisquis

143 375 197 414 ad
238 375 365 413 uitam
408 375 563 423 editur,
605 374 657 414 ad
701 382 880 415 mortem
925 377 1153 415 destinatur
1231 377 1488 428 gaudeamus
1532 389 1602 424 eo,
1646 376 1760 428 quod

143 444 327 492 dabitur,
370 445 677 497 reddamusque
719 446 781 493 id,
826 459 918 485 cum
962 459 1239 498 reposcemur.
1303 447 1424 486 alium
1458 448 1537 486 alio
1569 453 1762 500 tempore

142 514 226 554 fata
258 515 618 567 conprehendent‚
651 517 859 555 neminem
892 517 1184 569 praeteribunt.
1248 518 1285 556 in
1318 519 1531 569 procinctu
1563 523 1644 557 stet
1677 518 1759 557 ani-
1782 528 1797 551 ι’)

144 598 235 625 mus
267 592 308 625 et
339 586 392 634 id,
425 587 538 638 quod
571 599 740 626 necesse
772 591 846 634 est,
879 600 1107 638 numquam
1140 587 1295 634 timeat,
1329 588 1442 640 quod
1465 588 1666 627 incertum
1689 594 1761 635 est,

96 665 115 698 4
143 669 309 710 semper
341 662 548 709 expectet.
600 656 698 708 quid
732 657 867 696 dicam
890 656 1016 696 duces
1040 658 1273 709 ducumque
1295 658 1538 710 progeniem
1563 663 1603 696 et
1625 658 1762 697 multis

144 733 214 766 aut
236 726 516 766 consulatibus
539 727 786 779 conspicuos
809 733 878 766 aut
900 727 1115 780 triumphis
1133 734 1247 767 sorte
1263 727 1480 767 defunctos
1495 728 1761 767 inexorabili?

144 803 233 837 tota
266 811 359 836 cum
392 797 557 849 regibus
580 811 708 849 regna
730 797 954 851 populique
977 812 1070 837 cum
1093 798 1286 849 gentibus
1310 798 1439 837 tulere
1461 797 1591 837 fatum
1614 811 1757 837 suum:

144 881 312 915 omnes,
354 868 484 907 immo
527 869 667 908 omnia
709 869 747 907 in
788 868 976 908 ultimum
1011 869 1121 908 diem
1154 874 1354 921 spectant.
1418 882 1499 908 non
1533 869 1643 908 idem
1677 869 1816 908 uni-10

144 939 270 978 uersis
303 938 392 978 finis
425 945 497 978 est.
560 938 684 978 alium
717 940 755 978 in
789 940 929 979 medio
963 953 1081 979 cursu
1114 941 1197 979 uita
1230 939 1402 987 deserit,
1446 939 1569 979 alium
1602 941 1640 978 in
1672 941 1762 990 ipso

143 1009 258 1048 aditu
291 1009 489 1062 relinquit,
521 1010 644 1050 alium
678 1010 716 1049 in
749 1016 940 1050 extrema
971 1016 1183 1050 senectute
1216 1008 1435 1061 fatigatum
1467 1011 1547 1065 iam
1582 1016 1622 1049 et
1651 1011 1764 1049 exire

144 1080 378 1133 cupientem
423 1082 493 1120 uix
537 1081 714 1120 emittit:
762 1081 841 1121 alio
883 1082 1052 1133 quidem
1095 1087 1221 1133 atque
1253 1079 1330 1119 alio
1364 1087 1576 1132 tempore,
1619 1093 1765 1120 omnes

145 1156 286 1189 tamen
328 1151 366 1190 in
409 1153 587 1192 eundem
631 1152 767 1192 locum
801 1153 1022 1192 tendimus.
1085 1159 1278 1192 utrumne
1309 1151 1469 1192 stultius
1502 1151 1571 1198 sit,
1615 1151 1764 1198 nescio,

99 1228 118 1261 ἵ)
147 1221 408 1261 mortalitatis
440 1222 577 1275 legem
611 1224 813 1275 ignorare,
846 1236 897 1262 an
926 1223 1200 1275 inpudentius,
1232 1236 1432 1263 recusare.
1485 1222 1665 1273 agedum
1688 1220 1763 1268 illa,
1788 1230 1817 1255 ¹5

145 1305 251 1343 quae
284 1292 416 1332 multo
444 1294 593 1345 ingenii
616 1296 673 1333 tui
696 1294 840 1333 labore
862 1293 1071 1333 celebrata
1093 1300 1198 1342 sunt,
1231 1294 1270 1333 in
1294 1307 1439 1333 manus
1461 1306 1588 1339 sume,
1622 1292 1764 1331 utrius-

145 1361 246 1402 libet
278 1364 457 1403 auctoris
490 1365 682 1412 carmina,
715 1377 821 1416 quae
853 1370 897 1404 tu
929 1366 986 1404 ita
1018 1363 1233 1413 resoluisti‚
1266 1371 1310 1404 ut
1341 1364 1530 1416 quamuis
1562 1368 1767 1402 structura

145 1432 307 1472 illorum
341 1435 575 1483 recesserit,
617 1441 860 1487 permaneat
892 1435 1026 1487 gratia
1057 1440 1212 1474 tamen.
1274 1435 1331 1474 sic
1363 1436 1472 1474 enim
1505 1433 1571 1473 illa
1604 1447 1657 1472 ex
1690 1432 1767 1472 alia

145 1502 283 1556 lingua
326 1505 363 1543 in
407 1504 527 1544 aliam
571 1505 830 1553 transtulisti,
879 1512 942 1553 ut,
986 1507 1099 1557 quod
1145 1504 1426 1545 difficillimum
1470 1510 1576 1552 erat,
1621 1516 1766 1542 omnes

147 1574 318 1614 uirtutes
360 1576 397 1614 in
440 1575 615 1616 alienam
659 1583 702 1616 te
735 1577 966 1616 orationem
1000 1581 1167 1615 secutae
1198 1576 1303 1615 sint:
1350 1575 1482 1614 nullus
1516 1575 1590 1614 erit
1622 1575 1661 1613 in
1694 1572 1766 1613 illis
1787 1582 1820 1607 20

146 1645 305 1698 scriptis
348 1646 470 1691 liber,
513 1647 582 1699 qui
623 1661 707 1686 non
748 1646 924 1700 plurima
956 1647 1163 1686 uarietatis
1196 1646 1402 1686 humanae
1435 1648 1769 1696 incertorumque

146 1729 315 1756 casuum
349 1723 390 1756 et
423 1717 683 1757 lacrimarum
718 1732 772 1757 ex
805 1717 882 1757 alia
914 1724 1039 1770 atque
1071 1716 1147 1756 alia
1180 1730 1303 1756 causa
1335 1716 1549 1756 fluentium
1573 1714 1769 1767 exempla

100 1792 119 1825 (5
146 1786 218 1826 tibi
260 1794 469 1840 suggerat.
531 1788 645 1841 lege,
687 1795 843 1841 quanto
885 1790 1027 1841 spiritu
1071 1788 1306 1840 ingentibus
1349 1787 1572 1827 intonueris
1605 1785 1763 1824 uerbis:

146 1857 318 1910 pudebit
369 1864 412 1898 te
463 1859 601 1898 subito
655 1859 832 1899 deficere
885 1865 926 1899 et
978 1873 1033 1899 ex
1085 1865 1201 1898 tanta
1243 1858 1440 1898 orationis
1484 1856 1768 1907 magnitudine

147 1928 385 1968 desciscere.
458 1943 510 1968 ne
553 1931 831 1978 commiseris,
875 1936 919 1969 ut
962 1930 1143 1983 quisquis
1184 1943 1261 1981 pro
1305 1927 1504 1980 exemplo
1546 1939 1594 1966 ac
1637 1926 1767 1965 modo
1788 1934 1821 1958 25>

146 1998 298 2052 scripta
349 2006 418 2038 tua
470 2000 697 2040 mirabatur
749 2007 922 2052 quaerat
974 2000 1193 2052 quomodo
1246 2006 1332 2039 tam
1385 1998 1559 2051 grandia
1600 2003 1769 2049 tamque

147 2069 282 2109 solida
313 2076 399 2110 tam
434 2069 585 2122 fragilis
617 2071 777 2110 animus
809 2072 1056 2123 conceperit.

107 2144 117 2176 l
268 2140 356 2179 XII.
411 2141 552 2180 Potius
584 2140 637 2180 ab
670 2142 754 2181 istis
786 2147 839 2189 te,
872 2155 978 2194 quae
1010 2146 1218 2194 torquent,
1251 2141 1305 2179 ad
1338 2138 1441 2179 haec
1473 2144 1538 2178 tot
1570 2144 1611 2178 et
1643 2143 1768 2185 tanta,

148 2224 254 2263 quae
307 2211 593 2259 consolantur,
643 2217 840 2251 conuerte
882 2225 929 2251 ac
971 2212 1128 2265 respice
1172 2211 1355 2264 optimos
1397 2209 1564 2257 fratres,
1612 2209 1769 2262 respice

148 2446 168 2477 3
196 2445 283 2476 τιιιίίῖι
304 2443 335 2476 Β
457 2445 475 2478 ὅ
502 2446 612 2477 timeat
631 2447 663 2477 id
681 2447 768 2488 quod
788 2445 820 2480 D
940 2445 1066 2479 omittit
1083 2452 1128 2477 est
1140 2450 1227 2490 post
1244 2447 1397 2477 incertum
1418 2444 1453 2478 E
1559 2444 1578 2477 9
1597 2444 1770 2486 populique

148 2514 220 2534 cum
247 2504 412 2545 gentibus]
440 2502 485 2546 cf.
513 2503 564 2536 ad
591 2503 692 2537 Helu.
720 2507 751 2544 7,
783 2507 793 2537 1
825 2510 936 2546 gentes
963 2506 1164 2546 populosque
1189 2506 1353 2536 uniuersos
1529 2504 1564 2536 16
1602 2508 1710 2535 imanu
1740 2500 1771 2534 Β

278 2562 318 2595 l&
351 2564 455 2604 gratia
483 2568 591 2594 tamen
618 2562 651 2596 B
787 2576 823 2595 ex
850 2569 931 2598 ame
957 2564 1021 2595 alia
1047 2563 1173 2597 omittit
1201 2562 1234 2596 E
1361 2566 1405 2596 “20
1438 2568 1570 2594 turtures
1598 2561 1630 2594 Β

147 2621 244 2651 secuti
265 2619 299 2653 E
392 2622 448 2652 erit
469 2620 575 2666 mclqo
594 2627 659 2654 erat
684 2621 786 2656 BDE
879 2624 923 2656 22
942 2633 979 2654 ex
997 2623 1052 2653 illa
1071 2627 1165 2663 atquc
1184 2620 1216 2655 D
1235 2628 1263 2653 et
1283 2622 1335 2652 illa
1355 2627 1448 2663 atque
1463 2620 1498 2654 E
1591 2621 1633 2653 253
1653 2624 1770 2661 quanta

147 2680 292 2720 spiritum
322 2678 355 2712 B
379 2690 443 2721 quo
469 2681 579 2722 spiritu
605 2679 641 2714 E
758 2681 864 2713 uerbis
892 2679 1074 2715 Bentlee'us
1101 2682 1193 2712 rebus
1224 2678 1326 2713 BDE
1458 2680 1502 2713 '25
1536 2679 1713 2710 decisscere
1741 2676 1775 2710 E

290 2749 348 2779 pro
383 2739 532 2780 exemplo
558 2750 596 2771 ac
623 2740 722 2771 modo
748 2737 851 2773 Koch
885 2740 1034 2781 exemplo
1061 2750 1098 2770 ac
1126 2740 1226 2770 modo
1257 2737 1287 2771 B
1322 2739 1470 2781 exemplo
1498 2743 1548 2769 aut
1576 2738 1676 2768 modo
1704 2734 1774 2769 DE

148 2802 296 2837 exempto
323 2797 423 2828 modo
450 2795 600 2841 Madqu
729 2798 772 2831 ‘26
807 2799 985 2830 mirabatur
1005 2797 1132 2839 Gertz,
1160 2797 1241 2831 item
1267 2808 1393 2842 ‘nzccrqo
1419 2796 1497 2831 cod.
1527 2794 1770 2830 Ber-olineum's

149 2856 315 2886 mirabitur
342 2853 374 2888 D
400 2859 432 2889 el
458 2854 565 2900 uulyo
592 2857 782 2888 mirabiliter
809 2855 843 2890 B
867 2857 1060 2888 mirabilitur
1085 2855 1122 2890 E
