1977 3231
440 152 541 178 UIAL.
564 153 610 178 Vi.
653 152 704 176 Al)
726 152 913 178 MARClAM
937 152 988 177 DE
1009 151 1333 178 CONSULATIQNE.
1377 153 1416 178 lh.
1664 157 1732 194 141

73 255 93 288 2
119 249 356 290 caelestium
410 248 544 288 officia
595 247 846 288 uoluentem.
915 248 1074 288 uidebis
1125 247 1202 287 illic
1249 247 1554 288 innumerabilis
1603 247 1742 288 stellas

79 1877 98 1907 Γ»

120 322 291 368 micare,
335 320 495 359 uidebis
536 333 619 358 uno
657 320 792 358 sidere
823 320 965 359 omnia
996 318 1151 370 inplere
1183 318 1337 366 solem,
1379 319 1590 359 cotidiano
1623 333 1741 358 cursu

119 391 198 431 diei
231 391 447 442 noctisque
479 391 613 442 spatia
643 390 889 441 signantem,
928 403 1065 429 annuo
1098 395 1277 428 aestates
1308 390 1551 442 hiemesque
1591 403 1740 441 aequa-

119 462 193 501 lius
225 462 491 501 diuidentem.
536 460 695 500 uidebis
728 467 974 500 nocturnam
1007 459 1126 499 lunae
1159 460 1478 507 successionem,
1511 473 1535 499 a
1557 459 1742 499 fraternis

121 532 357 572 occursibus
390 531 480 570 lene
512 532 814 582 remissumque
847 530 986 570 lumen
1019 536 1280 570 mutuantem
1305 536 1346 570 et
1367 531 1498 570 modo
1523 530 1741 577 occultam,

119 603 250 642 modo
282 609 374 641 toto
408 616 479 641 ore
511 589 628 641 terris
661 602 952 649 inminentem,
994 601 1299 641 accessionibus
1331 602 1577 653 damnisque
1610 608 1742 641 muta-

119 673 268 721 bilem,
310 687 475 725 semper
516 673 736 725 proximae
779 672 1030 712 dissimilem.
1093 671 1254 711 uidebis
1295 673 1475 724 quinque
1517 672 1652 711 sidera
1684 672 1742 711 di-

120 757 259 783 uersas
302 744 469 794 agentia
512 745 596 783 uias
639 751 680 783 et
722 744 762 782 in
807 743 1058 783 contrarium
1102 743 1315 795 praecipiti
1358 744 1515 782 mundo
1548 743 1739 782 nitentia:

121 829 173 854 ex
217 814 367 854 horum
409 814 623 854 leuissimis
665 815 847 854 motibus
890 813 1078 853 fortunae
1128 813 1379 866 populorum
1422 815 1662 866 dependent
1704 819 1745 853 et

121 887 306 925 maxima
347 898 395 925 ac
438 886 606 924 minima
637 885 813 937 proinde
845 884 1098 932 formantur,
1139 890 1264 936 prout
1297 898 1474 936 aequum
1507 885 1745 936 iniquumue

119 956 229 996 sidus
282 957 457 995 incessit.
520 955 734 995 miraberis
787 955 975 995 conlecta
1028 955 1167 994 nubila
1216 962 1257 994 et
1299 956 1484 994 cadentis
1532 969 1660 1006 aquas
1704 962 1745 994 et

123 1026 291 1079 obliqua
324 1026 492 1066 fulmina
524 1032 565 1065 et
597 1026 697 1065 caeli
729 1025 948 1077 fragorem.
993 1040 1085 1065 cum
1119 1028 1292 1065 satiatus
1314 1025 1552 1078 spectaculo
1575 1039 1742 1078 supero-

124 1112 214 1138 rum
268 1100 307 1137 in
360 1104 514 1137 terram
558 1097 702 1137 oculos
744 1097 961 1144 deieceris,
1011 1098 1189 1149 excipiet
1230 1104 1272 1136 te
1314 1097 1390 1136 alia
1433 1095 1566 1135 forma
1608 1109 1743 1135 rerum

123 1169 319 1221 aliterque
369 1167 582 1208 mirabilis:
635 1168 730 1207 hinc
773 1181 1016 1221 camporum
1060 1169 1097 1207 in
1141 1167 1341 1206 infinitum
1385 1168 1616 1219 patentium
1657 1166 1746 1206 fusa

122 1239 330 1292 planities,
383 1238 477 1278 hinc
529 1239 734 1278 montium
788 1239 949 1290 magnis
1002 1244 1042 1277 et
1095 1237 1295 1277 niualibus
1344 1239 1600 1289 surgentium
1643 1237 1745 1289 iugis
1785 1248 1799 1271 ἱ)

124 1312 247 1350 erecti
294 1311 332 1349 in
375 1309 551 1349 sublime
594 1309 781 1348 uertices.
845 1310 1030 1348 deiectus
1072 1308 1285 1347 fluminum
1331 1314 1372 1347 et
1411 1322 1464 1348 ex
1508 1322 1590 1347 uno
1632 1306 1748 1348 fonte

124 1382 162 1421 in
205 1381 467 1420 occidentem
511 1382 798 1432 orientemque
842 1380 974 1419 diffusi
1014 1393 1159 1419 amnes
1192 1386 1234 1419 et
1265 1381 1437 1419 summis
1470 1379 1748 1419 cacuminibus

125 1465 296 1491 nemora
328 1453 514 1491 nutantia
546 1458 587 1490 et
618 1457 780 1491 tantum
813 1450 1006 1490 siluarum
1037 1464 1132 1490 curn
1155 1452 1237 1490 suis
1259 1450 1505 1490 animalibus
1528 1450 1748 1503 auiumque

79 1548 84 1555 ·
127 1528 330 1562 concentu
364 1523 543 1561 dissono.
598 1522 695 1561 uarii
727 1522 890 1561 urbium
922 1522 1022 1561 situs
1055 1527 1096 1560 et
1127 1521 1310 1561 seclusae
1342 1521 1530 1561 nationes
1562 1521 1747 1561 locorum

125 1592 376 1640 difficultate,
409 1607 582 1645 quarum
616 1592 717 1632 aliae
739 1606 784 1632 se
806 1595 845 1632 in
868 1599 1030 1632 erectos
1053 1592 1299 1632 subtrahunt
1322 1580 1497 1640 montes,
1530 1592 1632 1631 aliae
1654 1593 1749 1645 ripis

125 1664 344 1704 accliuibus
375 1665 554 1716 pauidae
585 1662 976 1703 circumfunduntur.
1036 1664 1178 1702 adiuta
1210 1663 1321 1703 cultu
1353 1677 1475 1715 seges
1508 1669 1548 1702 et
1581 1662 1749 1702 arbusta

125 1735 210 1774 sine
263 1734 421 1774 cultore
453 1733 626 1774 .fertilia.
689 1741 729 1774 et
778 1735 959 1774 riuorum
1009 1734 1110 1774 lenis
1152 1735 1257 1774 inter
1298 1740 1417 1787 prata
1460 1735 1665 1774 discursus
1708 1740 1750 1774 et

126 1805 290 1846 amoeni
341 1806 453 1845 sinus
506 1812 547 1845 et
598 1805 718 1845 litora
760 1806 799 1844 in
841 1812 1011 1858 portum
1054 1805 1299 1845 recedentia.
1361 1811 1636 1858 sparsaestot
1678 1818 1751 1857 per

125 1882 289 1931 uastum
340 1875 514 1924 insulae,
567 1890 675 1928 quae
726 1877 958 1916 interuentu
1007 1890 1082 1915 suo
1125 1876 1252 1915 maria
1294 1876 1561 1928 distinguunt.
1624 1876 1748 1928 quid?

133 2007 142 2039 l
173 2007 353 2038 uoluentem
383 2005 600 2040 deteriores:
631 2007 790 2037 uolentem
919 2008 938 2038 ζ)
966 2007 1096 2038 micare.
1126 2006 1250 2036 uidebis
1278 2003 1448 2048 M‘adm'y:
1480 2006 1586 2036 uidere
1613 2005 1749 2035 micabis

244 2066 366 2106 inplere
392 2066 493 2096 solem
520 2065 647 2098 Gertz:
678 2065 815 2106 impleri,
844 2065 946 2096 solem
1077 2065 1095 2097 3
1124 2065 1186 2096 diei
1215 2063 1431 2097 deteriores:
1462 2065 1513 2095 die
1634 2074 1749 2104 aequa-

127 2125 186 2155 lius
212 2123 348 2169 Haupt,
376 2125 538 2166 aequalius
563 2125 692 2165 quidem
716 2122 844 2157 Gertz:
874 2124 1051 2164 equaliusq;
1167 2125 1186 2154 li
1215 2127 1282 2154 toto
1310 2134 1365 2154 ore
1392 2121 1607 2156 deleriorwn
1636 2132 1744 2155 nnus:

128 2188 173 2214 tot
200 2194 255 2214 ore
402 2184 442 2216 ll)
468 2184 647 2214 formantur
674 2181 891 2216 deteriores:
922 2184 1076 2214 formatur
1220 2192 1335 2223 equum
1348 2192 1368 2212 ³³:-
1401 2182 1542 2223 iniquum
1570 2193 1607 2212 ue

131 2242 168 2275 ll
199 2243 368 2274 miraberis
380 2254 399 2273 -:÷:-
545 2242 693 2273 conlecta
721 2239 901 2274 Muretus:
932 2242 1057 2273 coiecta
1203 2241 1348 2272 cadentis
1384 2240 1470 2283 (cad.
1499 2240 1607 2282 corr.)

132 2301 171 2334 12
190 2301 323 2332 fulmina
343 2300 560 2335 deleriores:
582 2302 714 2332 flumina
828 2301 991 2342 fragorem
1010 2299 1140 2344 unlqv:
1167 2301 1296 2341 fragore
1408 2310 1593 2340 superorum
1618 2298 1746 2343 Νιά]).;

128 2364 295 2401 superator
330 2358 407 2394 cod.
444 2371 652 2401 supernorum
688 2358 901 2399 Pincianus,
937 2369 1006 2402 quo
1040 2358 1129 2403 quid
1152 2358 1389 2403 proficiatur,
1423 2369 1492 2391 uon
1529 2357 1632 2392 uideo

134 2419 172 2452 13
199 2419 354 2450 deieceris
388 2417 605 2453 deteriores:
637 2420 788 2450 deiecerit
927 2419 1031 2449 forma
1059 2416 1155 2457 corb,
1190 2417 1270 2451 ilem
1299 2416 1430 2462 Νααμ,
1464 2416 1597 2451 Veneta
1624 2415 1750 2453 aller«,

131 2475 306 2520 Muretus,
335 2477 498 2522 mpsim-3
528 2478 664 2518 fortuna,
691 2476 790 2522 quod
806 2476 842 2510 F
841 2475 953 2511 e'clcerc
981 2479 1159 2521 &amquam
1181 2487 1284 2509 emam
1305 2481 1340 2509 ec
1357 2475 1491 2509 codicis
1508 2481 1540 2509 et
1559 2475 1748 2509 editionum

130 2535 310 2570 leclionem
346 2536 380 2569 2'71
416 2540 552 2570 {erctum
588 2537 738 2581 recepit.
771 2536 925 2581 primum
961 2535 994 2568 in
1031 2535 1226 2580 Bz'ponle'ua
1260 2535 1399 2572 2'7mem';
1439 2534 1556 2580 decipi
1585 2545 1623 2567 se
1648 2531 1751 2578 ,misse

131 2623 214 2652 sunt
240 2617 374 2658 Haase,
405 2617 565 2663 Bladm'fs,
595 2618 701 2652 Gc'rl:
845 2619 881 2652 14
910 2594 1112 2659 ininfinitium
1252 2617 1294 2651 ’17
1322 2618 1424 2648 diffusi
1457 2616 1620 2651 Fickert:
1650 2617 1751 2647 delusi

132 2678 180 2718 (in
208 2688 320 2723 mars).
351 2688 393 2712 m.
423 2680 440 2710 3
477 2689 513 2709 ex
548 2690 610 2709 uno
645 2679 732 2710 fonte
767 2680 797 2709 in
832 2680 987 2710 orientem
1023 2682 1052 2708 et
1086 2677 1288 2708 occidentem
1324 2687 1434 2708 amnes
1461 2676 1608 2715 diffundi)

132 2738 177 2769 21)
204 2737 281 2778 ripis
307 2737 484 2768 accliuibus
513 2735 630 2770 Koch:
660 2738 737 2779 ripis
764 2737 988 2768 lacu-uallibus
1014 2735 1091 2769 cod,
1121 2737 1197 2777 ripis
1223 2736 1350 2766 lacuum
1378 2737 1583 2776 amniumque
1602 2731 1750 2776 Madqu

1655 2793 1660 2808 Ι

258 2819 367 2849 adiuta
393 2819 477 2850 cultu
503 2830 594 2860 seges
622 2818 754 2863 Neap,:
793 2820 834 2850 ad
860 2820 925 2850 uita
960 2819 1075 2850 fructus
1103 2829 1193 2859 seges
1229 2819 1257 2860 (s
1275 2821 1363 2862 post
1388 2829 1405 2848 u
1434 2816 1516 2860 dcl.)
1638 2818 1750 2847 abusta

259 2877 302 2910 25.)
331 2877 444 2909 fertilia
473 2877 604 2924 Neap.:
636 2879 768 2909 feritatis
888 2877 931 2912 21
959 2878 1060 2908 maria
1090 2875 1222 2920 Neap.:
1253 2877 1344 2918 paria

1769 893 1797 918 lu

1769 1600 1802 1625 20
