1977 3231
36 829 55 859 ὃ

41 1676 61 1708 10

560 165 663 191 DIAL.
686 166 734 191 IV.
776 165 826 190 DE
848 165 918 191 IRA
940 165 1010 191 LIB.
1033 165 1070 191 11.
1109 166 1152 191 33.
1175 166 1218 191 34.
1289 163 1292 166 ”
1648 165 1696 204 Sl

79 263 328 302 centesimus
361 268 402 300 et
434 262 626 313 potiones
660 262 730 300 uix
752 260 950 301 honestas
977 261 1182 300 natalibus
1203 260 1428 299 liberorum
1451 260 1702 312 podagricus

78 346 210 372 senex
242 331 469 378 hauriebat,
503 344 596 370 cum
630 332 792 370 interim
834 346 919 371 non
956 331 1169 371 lacrimam
1202 331 1353 377 emisit,
1392 344 1477 369 non
1509 329 1701 369 dolorem

80 403 216 456 aliquo
258 403 378 454 signo
421 415 639 454 erumpere
680 415 826 454 passus
875 408 948 441 est.
1011 402 1172 440 cenauit
1222 407 1438 453 tamquam
1491 414 1567 453 pro
1619 400 1702 439 filio

34 500 39 507 -
80 480 309 512 exorasset.
371 472 544 525 quaeris,
577 474 729 524 quare?
776 472 961 511 habebat
1004 471 1189 511 alterum.
1252 472 1351 523 quid
1393 471 1458 511 ille
1492 472 1719 510 Priamus?

80 557 164 582 non
207 542 477 582 dissimulauit
519 543 620 581 iram
663 549 705 582 et
747 544 854 594 regis
896 555 1033 593 genua
1075 541 1323 594 complexus
1365 544 1454 581 est?
1497 541 1703 581 funestam

79 613 372 666 perfusamque
415 626 560 652 cruore
602 612 656 652 fili
699 626 868 652 manum
908 614 961 652 ad
994 626 1041 652 os
1075 626 1194 651 suum
1227 612 1374 660 retulit,
1408 614 1595 652 cenauit?
1628 613 1705 651 sed

80 691 223 724 tamen
264 685 350 723 sine
388 689 624 736 unguento,
666 683 973 731 sine.coronis‚
1016 689 1057 722 et
1098 670 1210 722 illum
1262 682 1393 722 hostis
1445 683 1706 722 saeuissimus

82 754 219 794 multis
260 754 434 801 solaciis,
487 760 532 793 ut
574 754 711 792 cibum
755 759 943 806 caperet,
986 753 1175 792 hortatus
1218 759 1301 800 est,
1343 767 1427 792 non
1469 760 1513 791 ut
1557 753 1707 806 pocula

82 826 265 877 ingentia
295 838 418 876 super
451 830 574 876 caput
606 825 745 877 posito
769 825 945 863 custode
966 824 1148 863 siccaret.
1213 824 1532 877 contempsisset
1563 830 1704 874 tyran-

82 909 180 934 num
213 902 343 948 pater,
375 896 406 934 si
439 895 515 933 sibi
547 895 774 934 timuisset:
812 908 918 933 nunc
950 895 1051 933 iram
1080 895 1320 947 conpescuit
1351 895 1494 947 pietas.
1558 894 1706 945 dignus

81 966 154 1005 fuit
187 967 250 1005 cui
281 966 541 1018 permitteret
572 978 596 1004 a
628 966 819 1004 conuiuio
851 966 905 1004 ad
938 978 1034 1004 ossa
1065 964 1119 1004 fili
1150 964 1330 1016 legenda
1371 965 1592 1004 discedere.
1656 978 1708 1003 ne

82 1036 164 1075 hoc
196 1037 365 1088 quidem
397 1036 584 1087 permisit
625 1022 829 1087 benignus
862 1036 1024 1074 interim
1058 1042 1098 1075 et
1142 1037 1272 1075 comis
1304 1035 1575 1075 adulescens:
1611 1048 1706 1087 pro-

83 1107 362 1159 pinationibus
393 1120 536 1145 senem
570 1106 734 1154 crebris,
768 1112 812 1145 ut
845 1120 941 1145 cura
973 1106 1176 1153 leniretur,
1209 1107 1441 1145 admonens
1466 1106 1709 1154 lacessebat,

85 1183 230 1216 contra
281 1176 347 1215 ille
397 1190 442 1215 se
492 1176 648 1216 laetum
701 1183 744 1216 et
796 1176 985 1224 oblitum,
1036 1177 1135 1228 quid
1188 1190 1238 1216 eo
1291 1183 1428 1216 actum
1481 1184 1591 1216 esset
1633 1178 1710 1223 die,

84 1247 297 1301 praestitit.
360 1248 537 1299 perierat
577 1246 680 1286 alter
712 1247 836 1294 filius,
879 1248 911 1286 si
944 1246 1118 1286 carnifici
1157 1247 1332 1286 conuiua
1364 1261 1447 1286 non
1479 1247 1710 1299 placuisset.
1751 1268 1764 1290 τ,

203 1317 402 1357 XXXIV.
465 1317 581 1369 Ergo
614 1318 672 1356 ira
713 1318 1007 1364 abstinendum
1042 1324 1121 1365 est,
1164 1319 1249 1357 siue
1282 1332 1356 1370 par
1389 1325 1450 1357 est
1483 1319 1550 1370 qui
1583 1317 1710 1357 laces-

83 1389 238 1428 sendus
270 1394 332 1427 est
364 1389 449 1427 siue
472 1389 658 1440 superior
690 1389 776 1427 siue
809 1387 983 1427 inferior.
1047 1402 1139 1427 cum
1163 1402 1262 1441 pare
1284 1389 1538 1428 contendere
1560 1402 1712 1440 anceps

86 1465 161 1506 est,
213 1472 307 1498 cum
359 1460 571 1510 superiore
613 1458 832 1506 furiosum,
886 1472 979 1498 cum
1032 1458 1225 1498 inferiore
1276 1460 1506 1499 sordidum.
1581 1459 1712 1511 pusilli

86 1529 266 1568 hominis
305 1535 346 1568 et
385 1530 520 1568 miseri
563 1535 625 1567 est
667 1536 856 1581 repetere
898 1530 1178 1569 mordentem.
1243 1543 1380 1569 mures
1422 1529 1713 1581 formicaeque,

88 1599 119 1638 si
153 1613 323 1638 manum
356 1600 607 1645 admoueris,
641 1613 715 1638 ora
748 1606 1005 1646 conuertunt,
1039 1600 1241 1639 imbecillia
1273 1614 1317 1639 se
1350 1600 1457 1639 laedi
1489 1606 1650 1652 putant,
1683 1600 1714 1638 si

88 1676 324 1722 tanguntur.
387 1669 507 1708 faciet
550 1683 626 1708 nos
671 1670 875 1717 mitioreS,
921 1670 953 1708 si
986 1670 1328 1721 cogitauerimus,
1361 1671 1460 1722 quid
1493 1670 1716 1722 aliquando

88 1740 210 1779 nobis
250 1739 450 1792 profuerit
496 1739 559 1778 ille
601 1740 664 1778 cui
706 1740 937 1786 irascimur,
982 1746 1022 1778 et
1067 1741 1220 1779 meritis
1273 1740 1432 1779 offensa
1481 1740 1716 1779 redimetur.

89 1810 188 1849 illud
219 1823 387 1862 quoque
419 1816 619 1857 occurrat,
652 1816 853 1862 quantum
887 1810 1008 1849 nobis
1046 1811 1425 1849 commendationis
1464 1810 1636 1849 allatura
1666 1811 1718 1849 sit

90 1880 335 1920 clementiae
386 1879 516 1927 fama,
559 1894 684 1932 quam
730 1880 885 1919 multos
929 1881 1048 1919 uenia
1090 1881 1247 1920 amicos
1290 1881 1405 1920 utiles
1454 1881 1604 1920 fecerit.
1667 1894 1719 1919 ne

90 1952 313 1990 irascamur
344 1952 604 1990 inimicorum
638 1956 679 1990 et
711 1950 894 1990 hostium
927 1951 1075 1999 liberis,
1108 1951 1212 1990 inter
1239 1950 1434 1991 Sullanae
1467 1952 1720 1990 crudelitatis

1730 910 1760 933 lt)

1735 1618 1768 1641 20

1739 1968 1772 1993 25

91 2021 288 2074 exempla
331 2027 410 2068 est,
453 2022 567 2073 quod
601 2034 624 2060 a
657 2021 867 2073 republica
910 2021 1063 2060 liberos
1106 2022 1434 2074 proscriptorum
1478 2022 1715 2061 submouit:
1744 2059 1754 2071 ⁸

91 2091 188 2131 nihil
221 2098 282 2130 est
315 2093 488 2143 iniquius
520 2105 646 2143 quam
679 2091 857 2143 aliquem
891 2091 1088 2130 heredem
1133 2093 1292 2144 paterni
1331 2094 1414 2132 odii
1447 2092 1544 2131 fieri.
1607 2093 1718 2143 cogi-

91 2168 239 2210 temus,
273 2163 465 2213 quotiens
488 2163 542 2200 ad
565 2163 867 2213 ignoscendum
892 2161 1075 2201 difficiles
1099 2163 1261 2209 erimus,
1296 2176 1347 2201 an
1375 2164 1574 2215 expediat
1598 2163 1719 2202 nobis

92 2245 239 2271 omnes
271 2232 549 2270 inexorabiles
583 2245 684 2270 esse.
746 2245 871 2283 quam
904 2245 1030 2284 saepe
1063 2234 1224 2271 ueniam
1259 2234 1327 2284 qui
1369 2235 1538 2285 negauit
1573 2235 1715 2286 petiit?

92 2315 218 2355 quam
261 2315 386 2354 saepe
439 2303 523 2340 eius
565 2301 742 2354 pedibus
785 2301 1006 2341 aduolutus
1049 2309 1130 2352 est,
1173 2317 1298 2354 quem
1341 2316 1365 2342 a
1397 2305 1478 2343 suis
1518 2304 1718 2357 reppulit?

93 2373 192 2424 quid
236 2378 298 2411 est
341 2371 560 2423 gloriosius
602 2385 728 2424 quam
772 2373 872 2411 iram
923 2373 1102 2411 amicitia
1157 2376 1340 2412 mutare?
1394 2388 1500 2426 quos
1544 2374 1723 2426 populus

93 2488 113 2521 4
141 2499 240 2529 quare
275 2496 344 2529 (Nare
379 2489 490 2529 corr.)
636 2490 655 2521 ti
691 2487 744 2519 lilii
892 2491 911 2519 (Α
939 2490 1185 2530 eontenqmsset
1221 2493 1389 2530 tyrannum
1426 2499 1517 2532 paler
1553 2488 1719 2533 Jlmlmlzrsz

95 2548 341 2588 contempsisset
367 2552 508 2579 romani-1
535 2553 660 2588 patrem
800 2548 828 2579 ll
862 2558 880 2577 a
907 2548 1056 2578 conuiuio
1085 2550 1183 2591 ipos!
1211 2559 1228 2578 a
1256 2558 1343 2581 ras„
1476 2550 1531 2580 lilii
1560 2548 1723 2590 Kalaa-mn

1295 2603 1323 2618 Te

95 2630 103 2659 i
131 2639 152 2661 α
180 2638 273 2661 corr.
302 2627 402 2670 add.)
553 2628 592 2661 12
621 2630 810 2660 adolescens
847 2629 880 2671 (o
909 2630 1018 2670 sorr.)
1162 2630 1201 2663 133
1229 2631 1343 2662 lenitur
1368 2635 1415 2674 (re
1441 2642 1484 2664 m.
1510 2638 1581 2675 ,mul

100 2698 138 2731 15)
159 2699 296 2739 perierat
325 2697 395 2732 EQ:
427 2700 541 2740 periret
563 2704 621 2737 (ret
641 2700 750 2741 sorr.)
856 2686 1051 2740 llplacuisset
1152 2701 1194 2732 w
1222 2700 1363 2731 hominis
1390 2708 1420 2732 et
1439 2702 1546 2731 miseri
1574 2709 1614 2730 en
1645 2700 1722 2732 cod.

96 2762 128 2789 «c
147 2755 226 2790 mld.
248 2768 359 2800 usque
376 2757 426 2790 acl
443 2756 650 2791 I<⁷iclserlum
670 2763 702 2792 el
722 2757 909 2796 Ham-inm,
929 2758 992 2801 qni
1008 2759 1148 2788 hominis
1167 2764 1212 2789 est
1231 2765 1259 2789 et
1280 2760 1387 2790 miseri
1405 2760 1631 2803 scripserunt

97 2818 141 2847 '20
159 2815 222 2845 ledi
337 2815 380 2848 2¹2
408 2817 580 2847 redimetur
607 2818 669 2857 (tur
695 2816 729 2849 in
757 2820 844 2857 ras.)
959 2817 1002 2849 ‘223
1031 2818 1156 2851 libem,
1186 2817 1267 2848 inter
1293 2817 1521 2862 Interpuna'l'l
1549 2816 1720 2860 illudam:

93 2872 165 2916 full
184 2879 289 2906 aulea
307 2874 425 2906 liberis.
454 2876 534 2905 iuter
630 2876 753 2914 syllane
850 2876 892 2908 ‘215
913 2876 1124 2916 abrepuhlica
1225 2876 1268 2907 23)
1288 2878 1376 2917 petiit
1399 2874 1524 2909 Gertz:
1556 2877 1631 2917 petit

1418 2937 1437 2967 li

1740 2322 1773 2341 :w
