2008 3221
212 853 241 877 10

211 1205 239 1230 15

203 1557 236 1583 20

203 1910 237 1935 25

205 2264 238 2288 30

269 115 320 153 58
760 108 867 134 DIAL.
890 107 939 133 IV.
979 107 1032 132 DE
1070 107 1138 132 IRA
1159 106 1230 132 LIB.
1253 106 1291 133 11.
1319 109 1397 133 2—4.

267 219 480 259 equosque
522 212 753 244 castrenses
796 205 914 255 erigit
956 204 1135 255 crepitus
1173 215 1397 243 armorum.
1460 203 1754 243 Alexandrum
1786 204 1898 242 aiunt

266 276 550 328 Xenophanto
583 280 758 314 canente
791 287 960 313 manum
993 274 1047 312 ad
1079 287 1195 312 arma
1227 274 1396 314 misisse.

384 345 451 384 III.
514 344 625 384 Nihil
668 358 723 384 ex
767 345 840 392 his,
882 358 989 396 quae
1031 344 1216 383 animum
1249 343 1419 383 fortuito
1452 344 1662 397 inpellunt,
1708 343 1897 384 adfectus
1924 353 1942 387 1

265 416 402 456 uocari
436 415 584 455 debet:
620 416 708 463 ista,
742 421 786 454 ut
817 416 883 454 ita.
907 415 1056 462 dicam,
1088 415 1243 466 patitur
1274 415 1408 466 magis
1435 416 1596 454 animus
1627 428 1753 467 quam
1786 414 1893 454 facit.

265 499 367 537 ergo
400 485 588 525 adfectus
622 492 685 524 est
717 499 801 525 non
834 486 889 525 ad
923 485 1087 525 oblatas
1121 498 1257 524 rerum
1290 486 1450 538 species
1481 486 1663 534 moueri,
1695 485 1772 525 sed
1801 497 1894 537 per-

264 558 429 596 mittere
461 570 506 595 se
537 556 611 595 illis
644 562 685 595 et
727 556 836 595 hunc
868 555 1083 595 fortuitum
1128 562 1291 595 motum
1335 557 1540 608 prosequi.
1601 570 1699 595 nam
1741 552 1774 595 si
1805 556 1895 608 quis
1921 565 1942 598 2

262 627 466 680 pallorem
509 633 550 666 et
591 626 780 666 lacrimas
822 627 1076 679 procidentis
1119 632 1161 665 et
1203 626 1482 666 imitationem
1524 627 1680 666 umoris
1723 626 1895 666 obsceni

262 697 446 737 altumue
487 698 705 750 suspirium
750 703 791 736 et
838 697 984 737 oculos
1022 697 1162 736 subito
1204 697 1384 736 acriores
1426 702 1496 736 aut
1527 697 1627 749 quid
1668 696 1731 736 his
1762 695 1894 736 simile

262 768 457 807 indicium
500 767 690 807 adfectus
727 768 934 820 animique
976 768 1141 819 signum
1183 772 1323 820 putat,
1378 766 1527 807 fallitur
1579 781 1656 807 nec
1693 766 1895 819 intellegit

263 839 450 891 corporis
481 838 560 877 hos
592 851 684 878 esse
715 837 868 891 pulsus,
933 838 1071 890 itaque
1104 844 1145 877 et
1167 837 1413 878 fortissimus
1444 837 1690 890 plerumque
1711 839 1771 877 uir
1792 838 1893 877 dum
1917 847 1939 882 3

261 915 445 948 armatur
484 908 684 961 expalluit
728 915 769 948 et
801 909 922 961 signo
954 921 1121 961 pugnae
1154 910 1255 948 dato
1287 907 1545 951 ferocissimo
1577 908 1693 948 militi
1723 908 1893 961 paulum

260 993 398 1031 genua
438 985 696 1019 tremuerunt
728 986 769 1018 et
808 993 965 1031 magno
1008 980 1250 1032 imperatori
1292 985 1517 1032 antequam
1559 980 1666 1019 inter
1707 993 1753 1019 se
1783 980 1892 1019 acies

260 1051 482 1089 arietarent
525 1063 597 1090 cor
629 1049 771 1089 exiluit
804 1056 846 1089 et
877 1051 1034 1090 oratori
1068 1050 1409 1102 eloquentissimo
1444 1051 1543 1090 dum
1576 1050 1631 1090 ad
1664 1050 1889 1091 dicendum

261 1121 508 1172 conponitur
550 1134 714 1160 summa
746 1121 966 1173 riguerunt.
1036 1122 1094 1160 ira
1125 1134 1208 1160 non
1242 1122 1401 1172 moueri
1432 1126 1595 1160 tantum
1628 1120 1781 1170 debet,
1814 1120 1891 1161 sed
1915 1129 1938 1164 4

261 1204 506 1230 excurrere:
545 1197 608 1230 est
630 1192 740 1230 enim
762 1192 937 1244 inpetus.
999 1205 1227 1244 numquam
1251 1198 1392 1231 autem
1414 1192 1578 1244 inpetus
1600 1192 1688 1231 sine
1709 1192 1890 1231 adsensu

260 1262 409 1301 mentis
442 1267 515 1301 est.
578 1275 714 1314 neque
736 1262 845 1301 enim
870 1261 956 1301 fieri
987 1268 1141 1315 potest,
1174 1268 1218 1301 ut
1252 1263 1305 1301 de
1327 1262 1484 1302 ultione
1506 1269 1548 1302 et
1579 1276 1719 1315 poena
1741 1269 1890 1314 agatur

259 1333 398 1371 animo
422 1333 651 1372 nesciente:
688 1333 849 1386 putauit
870 1347 915 1372 se
936 1333 1081 1386 aliquis
1103 1332 1274 1382 laesum,
1298 1333 1428 1373 uoluit
1449 1332 1598 1382 ulcisci,
1622 1334 1889 1373 dissuadente

259 1402 393 1454 aliqua
426 1416 549 1442 causa
591 1404 731 1442 statim
773 1405 950 1444 resedit:
997 1390 1105 1443 hanc
1146 1405 1248 1443 iram
1292 1417 1376 1443 non
1408 1417 1528 1452 uocQ
1569 1410 1732 1443 motum
1765 1405 1891 1444 animi

258 1473 406 1512 rationi
436 1480 666 1526 parentem.
729 1473 796 1513 illa
828 1480 891 1514 est
923 1475 992 1523 ira,
1025 1488 1132 1527 quae
1154 1476 1360 1514 rationem
1392 1474 1576 1522 transilit,
1609 1488 1716 1527 quae
1747 1487 1889 1514 secum

257 1544 374 1596 rapit.
445 1557 548 1596 ergo
580 1545 717 1597 prima
755 1545 822 1584 illa
859 1545 1034 1597 agitatio
1077 1546 1222 1594 animi,
1266 1558 1392 1598 quam
1431 1546 1591 1598 species
1632 1546 1798 1585 iniuriae
1830 1546 1888 1585 in·
1916 1555 1936 1589 5

256 1615 392 1662 cussit,
425 1628 510 1653 non
543 1616 676 1666 magis
708 1616 767 1655 ira
799 1621 862 1655 est
895 1629 1020 1668 quam
1064 1617 1154 1670 ipsa
1192 1617 1359 1656 iniuriae
1390 1617 1576 1669 species:
1613 1614 1680 1656 ille
1711 1630 1889 1669 sequens

255 1685 437 1736 inpetus,
469 1685 537 1737 qui
569 1686 752 1737 speciem
784 1687 952 1743 iniuriae
983 1700 1067 1725 non
1099 1692 1263 1726 tantum
1297 1687 1475 1739 accepit,
1517 1687 1593 1726 sed
1625 1687 1889 1740 adprobauit,

255 1756 314 1795 ira
346 1761 420 1803 est,
454 1757 677 1796 concitatio
710 1757 834 1796 animi
857 1758 911 1796 ad
934 1757 1134 1797 ultionem
1158 1757 1373 1797 uoluntate
1406 1763 1447 1796 et
1478 1758 1629 1797 iudicio
1662 1759 1889 1811 pergentis.

256 1839 485 1878 numquam
539 1826 711 1866 dubium
765 1834 829 1867 est
881 1829 978 1880 quin
1016 1829 1143 1868 timor
1185 1827 1327 1880 fugam
1367 1828 1534 1876 habeat,
1587 1829 1646 1868 ira
1689 1830 1888 1882 inpetum.

257 1897 354 1935 uide
393 1910 494 1948 ergo
537 1911 590 1936 an
631 1904 752 1950 putes
797 1898 950 1951 aliquid
992 1899 1080 1938 sine
1118 1900 1299 1938 adsensu
1337 1900 1488 1939 mentis
1526 1905 1596 1940 aut
1637 1900 1723 1952 peti
1764 1913 1891 1953 posse
1934 1926 1938 1930 -

259 1972 329 2006 aut
361 1968 507 2007 caueri.

378 2037 450 2077 IV.
513 2037 569 2078 Et
601 2045 645 2078 ut
667 2040 770 2079 scias
793 2041 1156 2092 quemadmodum
1179 2040 1374 2093 incipiant
1396 2040 1585 2080 adfectus
1607 2047 1678 2081 aut
1700 2046 1889 2081 crescant
1917 2050 1934 2084 1

263 2115 333 2147 aut
365 2108 597 2157 efferantur,
630 2116 692 2149 est
723 2111 880 2163 primus
903 2117 1042 2151 motus
1073 2124 1159 2150 non
1191 2111 1446 2150 uoluntarius
1477 2112 1594 2164 quasi
1626 2112 1889 2165 praeparatio

264 2178 451 2218 adfectus
485 2185 525 2218 et
557 2182 766 2232 quaedam
799 2182 1082 2221 comminatio.
1145 2181 1248 2222 alter
1291 2195 1385 2221 cum
1418 2182 1633 2222 uoluntate
1674 2196 1759 2222 non
1791 2196 1889 2222 con-

258 2250 422 2297 tumaci,
465 2255 681 2303 tamquam
724 2258 920 2305 oporteat
969 2266 1037 2292 me
1086 2253 1299 2301 uindicari,
1354 2267 1448 2292 curn
1492 2252 1626 2293 laesus
1677 2254 1768 2302 sim,
1820 2258 1890 2293 aut

259 2326 455 2373 oporteat
488 2320 596 2360 hunc
627 2335 785 2374 poenas
817 2323 928 2371 dare,
961 2337 1056 2363 cum
1089 2323 1230 2364 scelus
1262 2323 1415 2363 fecerit.
1478 2324 1622 2364 tertius
1655 2329 1795 2364 motus
1828 2330 1891 2364 est

258 2391 339 2430 iam
381 2391 596 2443 inpotens,
645 2393 713 2444 qui
754 2406 837 2432 non
881 2394 913 2432 si
962 2384 1133 2446 oportet
1180 2394 1317 2433 ulcisci
1355 2393 1463 2442 uult,
1505 2395 1581 2434 sed
1621 2395 1777 2448 utique,
1821 2395 1891 2447 qui

266 2543 272 2574 l
307 2553 447 2585 equosq:
479 2545 531 2586 (qx
561 2546 671 2586 corr.)
819 2545 838 2577 2
865 2546 1074 2587 xenophanto
1102 2549 1137 2587 (ο
1164 2553 1259 2580 extr.
1288 2546 1399 2590 corr.)
1545 2546 1564 2579 :3
1592 2551 1625 2580 et
1652 2547 1671 2579 εἷ)
1698 2546 1733 2579 in
1760 2548 1891 2579 affectus

255 2600 361 2645 prior
388 2602 402 2631 s
424 2613 442 2635 e
468 2612 564 2636 corr.
693 2603 708 2636 ἶ
740 2594 931 2638 irritatione}¹
1057 2606 1179 2636 umoris
1205 2614 1387 2649 ευμεν-εον.
1415 2606 1437 2636 h
1561 2604 1603 2638 10
1628 2606 1735 2647 pulsu<
1761 2606 1887 2640 ceteri:

260 2661 368 2700 pulsos
500 2662 539 2694 1¹3
568 2658 612 2695 ἱηῖ
641 2662 666 2696 (t
692 2662 727 2695 ίη
755 2663 844 2705 ras.)
978 2663 1018 2696 1¹1»
1047 2668 1091 2696 au
1119 2664 1256 2705 impetus
1387 2675 1515 2696 assensu
1543 2664 1668 2709 (prior
1693 2676 1706 2695 s
1733 2675 1752 2699 e
1777 2665 1888 2707 corr.)

374 2719 413 2752 1⁴2
441 2731 524 2761 pena
637 2720 682 2753 20
709 2722 840 2753 incussit
865 2732 935 2756 non
963 2723 1093 2754 incursit
1210 2723 1252 2755 22
1281 2724 1418 2764 impetus
1551 2725 1748 2765 approbauit
1772 2724 1892 2769 (prior

259 2788 280 2819 p
306 2788 324 2811 e
351 2778 461 2820 corr.)
584 2778 626 2812 223
655 2780 775 2821 aliquid
803 2782 839 2821 (d
866 2781 975 2822 corr.)
1099 2792 1226 2813 assensu
1256 2781 1373 2826 <prior
1398 2793 1412 2813 s
1439 2792 1457 2816 e
1484 2782 1595 2826 corr.)
1717 2782 1762 2816 27
1788 2787 1822 2817 et
1845 2782 1890 2817 29

261 2837 391 2868 affectus
417 2837 541 2881 (prior
567 2839 581 2869 s
604 2849 622 2872 e
648 2841 756 2880 corr.)
880 2841 918 2873 :31
951 2851 1051 2881 penas
1179 2841 1223 2874 532
1250 2842 1411 2882 impotens
