2008 3221
260 130 306 165 Η)
545 120 648 145 DJAL.
677 119 699 146 Ι.
724 118 857 151 QVARE
882 115 1027 148 ALIQVA
1055 113 1305 140 INCOMMODA
1333 112 1449 138 BONIS
1476 111 1580 137 VIRIS

251 233 374 271 quem
408 216 635 271 specularia
666 228 832 266 semper
863 212 916 252 ab
950 211 1106 251 adflatu
1128 209 1451 257 uindicauerunt,
1484 208 1596 248 cuius
1617 208 1747 261 pedes
1769 207 1874 247 inter

251 290 435 329 fomenta
476 287 652 326 subinde
691 290 851 324 mutata
893 288 1131 335 tepuerunt,
1174 268 1567 321 euius‘cenationes
1609 279 1802 318 subditus
1834 284 1876 317 et

250 359 472 412 parietibus
515 355 782 396 circumfusus
824 354 935 393 calor
967 352 1238 404 temperauit,
1270 351 1379 390 hunc
1409 350 1510 390 leuis
1543 364 1641 389 aura
1672 363 1756 389 non
1788 349 1875 388 sine

251 429 432 482 periculo
470 429 654 478 stringet.
719 439 812 464 cum
852 425 992 463 omnia
1023 436 1130 475 quae
1163 427 1433 461 excesserunt
1476 422 1651 460 modum
1685 425 1876 467 noceant,

216 519 228 539 γ,
251 498 594 551 perniciosissima
636 496 836 536 felicitatis
879 493 1197 547 intemperantia
1236 499 1320 532 est:
1383 497 1526 531 mouet
1559 491 1795 538 cerebrum,
1839 490 1876 528 in

252 584 378 609 uanas
421 575 582 608 mentes
626 567 826 619 imagines
865 573 1036 612 euocat,
1085 564 1261 603 multum
1304 563 1409 602 inter
1450 562 1596 602 falsum
1640 575 1689 601 ac
1731 574 1875 600 uerum

251 642 412 681 mediae
455 638 635 690 caliginis
679 637 820 676 fundit.
883 636 1025 688 quidni
1067 635 1192 674 satius
1235 634 1285 673 sit
1317 639 1562 686 perpetuam
1596 631 1874 672 infelicitatem

250 714 455 752 aduocata
508 711 656 748 uirtute
710 708 910 747 sustinere
951 719 1078 759 quam
1121 704 1283 744 infinitis
1328 710 1454 756 atque
1496 702 1714 742 inmodicis
1757 701 1878 741 bonis

251 783 408 834 rumpi?
468 781 598 820 lenior
629 779 776 818 ieiunio
811 791 925 817 mors
958 784 1043 817 est:
1090 776 1293 816 cruditate
1326 773 1538 814 dissiliunt.
1601 772 1708 812 hanc
1739 773 1878 824 itaque

200 873 228 897 w
250 855 451 893 rationem
485 851 525 890 di
558 856 785 902 sequuntur
817 850 855 888 in
888 848 1010 887 bonis
1042 847 1147 893 uiris,
1180 860 1305 898 quam
1338 846 1377 884 in
1410 843 1616 897 discipulis
1654 843 1735 883 suis
1757 856 1874 895 prae-

249 931 452 976 ceptores,
485 922 553 974 qui
585 920 677 974 plus
711 920 862 959 laboris
896 919 949 958 ab
981 919 1026 958 iis
1059 919 1244 970 exigunt,
1278 917 1317 955 in
1339 916 1489 968 quibus
1512 915 1661 955 certior
1683 927 1779 966 spes
1803 919 1876 953 est.

250 994 447 1046 numquid
481 999 524 1032 tu
559 992 710 1031 inuisos
745 1004 835 1030 esse
858 989 1203 1030 Lacedaemoniis
1225 984 1379 1028 liberos
1401 1000 1499 1026 suos
1522 986 1665 1034 credis,
1698 997 1876 1037 quorum

249 1065 523 1117 experiuntur
555 1062 739 1102 indolem
772 1061 936 1114 publice
970 1060 1211 1100 uerberibus
1244 1059 1454 1098 admotis?
1508 1057 1583 1110 ipsi
1615 1056 1705 1095 illos
1737 1060 1878 1107 patres

248 1135 541 1181 adhortantur,
586 1140 629 1173 ut
671 1133 775 1172 ictus
818 1131 1078 1184 flagellorum
1124 1130 1283 1170 fortiter
1325 1128 1534 1182 perferant
1567 1134 1608 1167 et
1640 1127 1799 1166 laceros
1831 1138 1880 1164 ac

198 1224 226 1249 15
248 1206 509 1246 semianimes
542 1211 703 1256 rogant,
736 1209 1004 1256 perseuerent
1037 1201 1208 1241 uolnera
1236 1201 1438 1254 praebere
1467 1198 1715 1238 uolneribus.
1779 1195 1879 1248 quid
1929 1208 1946 1236 ζ

249 1278 409 1323 mirum,
441 1277 473 1315 si
506 1277 608 1315 dure
640 1288 870 1327 generosos
903 1274 1066 1326 spiritus
1091 1274 1193 1312 deus
1216 1273 1419 1324 temptat?
1468 1282 1696 1321 numquam
1721 1267 1881 1307 uirtutis

248 1347 373 1387 molle
406 1348 706 1386 documentum
741 1351 815 1384 est.
869 1344 1063 1384 uerberat
1095 1357 1171 1382 nos
1195 1349 1236 1382 et
1257 1342 1411 1381 lacerat
1433 1341 1608 1380 fortuna.
1652 1339 1875 1392 patiamur:

248 1432 330 1457 non
355 1424 416 1457 est
445 1416 626 1464 saeuitia,
659 1422 870 1456 certamen
903 1421 987 1463 est;
1023 1415 1139 1467 quod
1172 1414 1203 1453 si
1236 1413 1400 1465 saepius
1422 1411 1656 1457 adierimus,
1690 1409 1880 1449 fortiores

248 1490 410 1528 erimus.
473 1487 722 1527 solidissima
754 1486 938 1539 corporis
970 1499 1065 1538 pars
1099 1491 1161 1524 est
1193 1497 1320 1537 quam
1347 1482 1540 1535 frequens
1563 1495 1659 1520 usus
1682 1480 1877 1532 agitauit:

195 1578 227 1601 *20
248 1559 474 1612 praebendi
498 1547 688 1598 fortunae
709 1571 865 1605 sumus,
888 1563 932 1596 ut
955 1563 1101 1595 contra
1122 1555 1232 1594 illam
1257 1555 1310 1594 ab
1333 1555 1421 1606 ipsa
1434 1554 1643 1593 duremur.
1681 1551 1881 1604 paulatim

249 1645 325 1670 nos
347 1630 422 1669 sibi
445 1643 565 1682 pares
588 1629 719 1668 faciet.
755 1634 1045 1681 contemptum
1070 1626 1348 1680 periculorum
1372 1625 1600 1664 adsiduitas
1623 1623 1881 1675 periclitandi

249 1701 375 1740 dabit.
427 1701 483 1739 sic
505 1706 599 1740 sunt
622 1700 794 1739 nauticis
817 1712 995 1751 corpora
1017 1712 1039 1738 e
1062 1697 1235 1737 ferendo
1259 1697 1360 1736 mari
1385 1697 1498 1743 dura,
1521 1693 1710 1747 agricolis
1734 1707 1881 1733 manus
1931 1705 1949 1734 2‘

248 1772 388 1819 tritae,
444 1772 497 1810 ad
551 1770 800 1810 excutienda
853 1770 936 1809 tela
989 1769 1186 1809 militares
1227 1768 1368 1807 lacerti
1412 1766 1570 1814 ualent,
1623 1764 1745 1816 agilia
1786 1770 1881 1804 sunt

249 1842 439 1881 membra
471 1841 729 1881 cursoribus:
777 1841 815 1880 id
849 1842 888 1880 in
921 1854 1089 1892 quoque
1121 1839 1414 1878 solidissimum
1449 1842 1512 1876 est
1543 1837 1660 1888 quod
1683 1836 1880 1875 exercuit.

168 1930 170 1932 ·
196 1931 228 1955 25
249 1914 302 1952 ad
345 1913 698 1952 contemnendam
741 1912 974 1964 potentiam
1019 1911 1221 1950 malorum
1255 1909 1415 1948 animus
1447 1906 1646 1960 patientia
1677 1906 1880 1958 peruenit,

249 1997 356 2036 quae
399 1983 497 2035 quid
541 1984 579 2021 in
625 1983 746 2022 nobis
785 1982 949 2022 efficere
981 1982 1112 2035 possit
1144 1981 1265 2028 scies,
1307 1980 1339 2018 si
1372 1979 1635 2032 adspexeris‚
1679 1983 1881 2029 quantum

250 2054 483 2093 nationibus
516 2055 635 2093 nudis
668 2060 709 2094 et
742 2054 881 2106 inopia
912 2052 1151 2092 fortioribus
1191 2051 1309 2090 labor
1341 2055 1536 2102 praestet.
1600 2061 1748 2088 omnes
1781 2061 1878 2087 con-

250 2125 384 2164 sidera
425 2131 589 2177 gentes,
633 2125 671 2163 in
705 2125 854 2177 quibus
886 2124 1081 2163 Romana
1113 2136 1196 2176 pax
1232 2121 1406 2160 desinit:
1444 2120 1680 2160 Germanos
1713 2119 1806 2158 dico
1841 2125 1882 2158 et

249 2196 451 2247 quidquid
484 2195 589 2234 circa
612 2196 801 2235 Histrum
836 2208 1036 2247 uagarum
1069 2193 1255 2245 gentium
1291 2198 1492 2231 occursat.
1559 2195 1761 2243 perpetua
1793 2188 1882 2229 illos

259 2349 264 2380 1
298 2349 406 2378 afflatu
536 2347 544 2379 i
575 2349 849 2389 perniciosissima
875 2345 1076 2391 W'oelsflz'n:
1117 2345 1389 2387 periculosissima
1517 2342 1526 2375 ἶ
1558 2342 1667 2383 quidni
1695 2339 1879 2375 Muretus:

1854 2399 1871 2424 h

250 2443 295 2483 qd
322 2453 360 2472 nc
388 2443 411 2472 is
494 2449 513 2467 v*
541 2442 726 2473 immodicis
825 2441 860 2473 lu
888 2441 933 2471 dii
1023 2443 1173 2481 sequntur
1255 2442 1482 2480 praeceptores
1501 2437 1553 2478 qui
1578 2436 1648 2477 plus
1674 2436 1796 2470 laboris
1815 2437 1884 2467 abis

253 2502 319 2543 (qui
347 2501 415 2541 plu>
443 2511 535 2533 man.
573 2510 643 2533 rer.
670 2499 948 2545 suprascripsit,
983 2497 1100 2533 deleta
1130 2497 1315 2542 scriptura
1345 2505 1472 2529 manus
1502 2493 1651 2528 alterius
1680 2495 1788 2536 qplus)

356 2560 390 2592 13>
411 2559 520 2600 nuwpl
603 2559 637 2590 ΙῙ»
654 2560 783 2591 uulnera
802 2560 937 2601 prebere
955 2559 1138 2589 uulneribus
1220 2555 1255 2589 Π
1276 2556 1437 2597 patiamur
1446 2552 1627 2587 fllurellcsz
1650 2554 1790 2595 patimur

382 2654 386 2658 ,
407 2655 411 2658 ,
617 2616 637 2641 ⁵5
1279 2634 1321 2649 us.

262 2654 297 2685 l&
324 2659 435 2683 *culllss
541 2653 582 2693 :pl
612 2653 715 2693 sepius
827 2655 870 2685 ’.Ἣ
898 2652 1052 2693 prehendi
1153 2651 1275 2682 durem'
1349 2657 1397 2687 (us
1416 2659 1507 2681 man.
1527 2652 1613 2681 rec.)
1719 2649 1756 2681 ’31
1792 2649 1886 2680 saciet

258 2722 372 2757 Koch:
397 2724 491 2754 saciat
586 2726 628 2756 Τ]
649 2708 689 2753 sih
712 2731 779 2753 sunt
867 2736 883 2753 e
903 2723 1035 2753 serendo
1057 2721 1182 2755 θον-ζεῖ
1213 2721 1375 2752 efferendo
1465 2719 1508 2753 Ἧι
1529 2718 1791 2761 adolempncudii

255 2783 401 2824 pou—ntia
434 2782 564 2818 malou,
599 2781 676 2815 cod.
709 2783 865 2812 malorum
902 2782 1079 2823 potentiani
1116 2779 1225 2824 ηαίῃο
1346 2780 1390 2812 21³
1417 2779 1577 2819 aspexeris
1699 2779 1743 2812 2’5
1771 2784 1886 2820 prestet

379 2844 416 2873 31»
444 2842 596 2881 quicquid
