2008 3221
188 1700 216 1724 ll)

782 531 819 572 L.
862 530 1049 572 ANNAffl
1083 529 1301 571 SENECAE

522 628 1106 691 DIALOGORVM
1154 627 1414 689 LIBER
1461 627 1571 690 XI.

781 769 844 798 AD
873 768 1083 798 IlELVIAM
1111 768 1142 797 M
1152 767 1307 797 ATREM

844 859 897 895 DE
925 859 1253 895 coNsohA'rloNE.

349 1045 376 1083 I.
421 1022 562 1095 Saepe
605 1042 704 1089 iam,
755 1046 889 1080 mater
930 1040 1111 1092 optima,
1162 1039 1348 1091 inpetum
1393 1041 1482 1091 cepi
1523 1038 1766 1078 consolandi
1809 1044 1862 1087 te,

232 1130 358 1169 saepe
381 1114 570 1154 continui.
625 1118 669 1152 ut
702 1113 912 1159 auderem,
947 1110 1077 1150 multa
1110 1124 1178 1150 me
1211 1109 1485 1162 impellebant:
1533 1110 1713 1162 primum
1748 1110 1861 1148 uide-

232 1189 307 1227 bar
349 1186 614 1239 depositurus
657 1185 799 1223 omnia
840 1182 1131 1229 incommoda,
1175 1195 1270 1220 cum
1314 1180 1504 1221 lacrimas
1546 1181 1659 1228 tuas,
1703 1181 1863 1220 etiamsi

233 1258 492 1311 supprimere
534 1270 617 1295 non
661 1255 914 1307 potuissem,
967 1253 1129 1292 interim
1174 1259 1286 1292 certe
1339 1252 1638 1291 abstersissem.
1714 1252 1865 1290 deinde

234 1331 325 1384 plus
363 1329 601 1368 habiturum
636 1340 703 1365 me
736 1325 993 1365 auctoritatis
1024 1337 1109 1363 non
1142 1323 1390 1363 dubitabam
1425 1324 1478 1362 ad
1512 1322 1778 1362 excitandam
1811 1329 1865 1370 te,

237 1402 268 1441 si
299 1401 409 1454 prior
442 1400 530 1451 ipse
563 1397 930 1438 consurrexissem.
994 1401 1211 1448 praeterea
1242 1395 1466 1442 timebam,
1510 1407 1561 1433 ne
1594 1407 1618 1432 a
1650 1407 1717 1432 me
1757 1394 1866 1433 uicta

235 1472 400 1512 fortuna
432 1470 612 1521 aliquem
646 1481 837 1507 meorum
872 1467 1064 1506 uinceret.
1117 1466 1256 1518 itaque
1290 1471 1514 1517 utcumque
1536 1464 1720 1504 conabar
1742 1477 1866 1503 manu

235 1556 358 1595 super
391 1541 558 1594 plagam
594 1553 732 1578 meam
767 1538 945 1591 inposita
976 1538 1029 1577 ad
1063 1536 1291 1588 obliganda
1324 1535 1494 1575 uolnera
1525 1541 1664 1575 uestra
1692 1541 1866 1587 reptare.

235 1615 317 1654 hoc
359 1612 621 1666 propositum
662 1623 802 1650 meum
837 1615 952 1649 erant
985 1621 1122 1648 rursus
1154 1621 1261 1660 quae
1294 1608 1574 1646 retardarent:
1619 1606 1754 1645 dolori
1782 1611 1867 1653 tuo,
1894 1620 1900 1628 ·

238 1686 337 1724 dum
372 1697 515 1723 recens
548 1682 735 1728 saeuiret⁷
769 1681 952 1720 sciebam
988 1680 1288 1719 occurrendum
1324 1692 1407 1717 non
1431 1691 1533 1725 esse,
1566 1691 1618 1716 ne
1646 1676 1757 1715 illum
1782 1678 1869 1728 ipsa

237 1756 390 1796 solacia
422 1756 632 1794 inritarent
666 1760 706 1792 et
739 1753 1026 1792 accenderent.
1085 1764 1181 1790 nam
1215 1751 1253 1790 in
1287 1749 1445 1789 morbis
1477 1762 1646 1801 quoque
1678 1746 1773 1786 nihil
1806 1753 1868 1786 est

239 1827 504 1880 perniciosius
543 1839 668 1878 quam
712 1826 917 1863 inmatura
959 1822 1174 1862 medicina.
1248 1821 1528 1874 expectabam
1563 1820 1722 1871 itaque,
1766 1819 1867 1858 dum

239 1901 325 1952 ipse
358 1900 464 1938 uires
497 1911 591 1936 suas
624 1895 833 1947 frangeret
867 1901 908 1934 et
941 1894 992 1933 ad
1025 1894 1268 1934 sustinenda
1300 1893 1484 1933 remedia
1519 1905 1637 1931 mora
1659 1891 1870 1942 mitigatus

241 1970 353 2021 tangi
388 1984 432 2008 se
464 1982 512 2007 ac
544 1968 709 2006 tractari
742 1971 966 2018 pateretur.
1019 1970 1235 2016 praeterea
1268 1977 1361 2002 cum
1387 1962 1527 2001 onmia
1550 1961 1870 2001 clarissimorum

205 2041 497 2093 singeniorum
544 2044 818 2077 monumenta
871 2037 924 2076 ad
968 2035 1285 2087 conpescendos
1328 2034 1696 2084 moderandosque
1738 2030 1871 2070 luctus

241 2112 459 2164 conposita
492 2109 742 2156 euoluerem‚
776 2121 858 2147 non
892 2107 1152 2146 inueniebam
1187 2104 1431 2157 exemplum
1463 2105 1558 2151 eius,
1590 2103 1656 2155 qui
1681 2101 1869 2142 consola-

242 2190 306 2222 tus
349 2196 446 2221 suos
489 2186 619 2228 esset,
663 2193 755 2219 cum
801 2180 898 2231 ipse.
932 2178 985 2218 ab
1027 2177 1100 2217 illis
1133 2176 1458 2228 conploraretur.
1528 2176 1584 2214 ita
1617 2175 1654 2212 in
1688 2187 1730 2213 re
1763 2186 1873 2211 noua
1899 2184 1916 2214 t·

242 2253 501 2293 haesitabam
536 2252 814 2303 uerebarque,
854 2264 905 2289 ne
948 2249 1051 2288 haec
1093 2262 1177 2288 non
1211 2246 1441 2287 consolatio
1475 2252 1605 2293 esset,
1649 2245 1723 2284 sed
1756 2243 1869 2283 exul-

243 2324 396 2364 ceratio
462 2324 559 2375 quid
593 2323 708 2375 quod
737 2322 855 2361 nouis
888 2321 1024 2360 uerbis
1056 2333 1134 2359 nec
1166 2333 1221 2358 ex
1254 2317 1413 2371 uolgari
1447 2323 1488 2357 et
1522 2317 1731 2356 cotidiana
1762 2327 1872 2354 sum-

252 2490 258 2521 l
301 2490 425 2529 impetu
556 2486 572 2519 -i
612 2497 795 2528 supremere
924 2484 945 2517 8
979 2485 1018 2515 ad
1048 2483 1095 2526 (in
1124 2483 1210 2523 ras.)
1339 2482 1358 2513 ‘J
1394 2486 1482 2513 crant
1510 2479 1754 2524 Bonqarssnsz
1785 2489 1870 2510 era-x

400 2547 505 2576 dolori
534 2551 586 2576 luo
614 2546 659 2577 du
687 2556 797 2576 reeens
823 2545 937 2585 seuiret
963 2544 1069 2574 dolori
1099 2570 1114 2579 „
1145 2546 1198 2573 luo
1225 2540 1316 2582 cod„
1343 2541 1377 2573 ln
1406 2538 1644 2573 deterioribus
1666 2536 1747 2581 fere
1770 2536 1876 2581 prius

246 2607 349 2637 ‹lolori
378 2611 431 2637 tuo
459 2616 524 2639 om.
654 2605 684 2636 ll
726 2604 938 2635 accenderent
964 2601 1092 2646 wolffo:
1123 2602 1374 2633 accenderentur
1512 2599 1548 2631 [2
1583 2599 1757 2629 immatura

249 2689 288 2722 lzz
309 2689 453 2719 remedia
471 2673 531 2719 ‘gra
559 2687 715 2721 ‹m'dccm-
741 2691 822 2720 (mle
848 2696 958 2730 super
984 2697 1002 2716 a
1029 2685 1127 2718 uocis
1155 2685 1297 2716 remedia
1316 2680 1447 2717 lineola
1462 2681 1591 2724 sitisse)
1716 2679 1758 2712 15
1785 2690 1874 2710 com-

247 2749 425 2789 pescendos
569 2748 605 2779 113
639 2747 790 2788 coposita
928 2745 1112 2776 consolatus
1140 2742 1269 2780 (altera
1295 2756 1314 2771 o
1341 2752 1390 2775 est*
1416 2753 1433 2772 u
1457 2740 1574 2784 sraela)
1717 2738 1749 2771 ΙῙ
1786 2749 1875 2769 com-

246 2841 364 2883 ploras

1897 1051 1903 1083 1

1897 1616 1914 1649 lu
