1977 3231
549 154 650 181 DlAL.
673 154 706 180 v.
746 153 798 179 DE
820 154 887 178 um
911 153 980 179 mn.
1006 153 1055 179 111.
1095 154 1138 179 39.
1161 155 1202 179 40.
1225 153 1266 178 ⁴1.
1641 155 1718 193 117

53 261 72 294 4¹
100 258 260 291 sentem
304 249 477 291 differet.
540 253 652 290 omni
690 257 778 290 arte
811 253 993 304 requiem
1027 250 1150 289 furori
1183 249 1308 289 dabit.
1371 249 1403 288 si
1436 248 1723 288 uehementior

101 324 196 370 erit,
249 328 319 361 aut
360 322 565 374 pudorem·
607 321 659 361 illi
702 324 764 361 cui
807 336 890 361 non
932 323 1095 361 resistat
1137 321 1305 361 incutiet
1347 326 1417 360 aut
1459 325 1630 358 metum.
1692 319 1724 357 si

100 392 316 440 infirmior,
359 405 574 431 sermones
606 391 751 432 inferet
784 392 847 431 uel
880 398 1024 444 gratos
1056 391 1119 431 uel
1152 405 1286 431 nouos
1319 397 1360 431 et
1393 390 1617 442 cupiditate
1654 403 1722 429 co-

101 464 329 514 gnoscendi
352 463 557 502 auocabit.
600 464 809 502 medicum
833 465 955 510 aiunt,
989 475 1083 502 cum
1105 463 1214 514 regis
1236 461 1361 501 filiam
1385 475 1527 501 curare
1550 461 1725 500 deberet

101 547 176 573 nec
223 535 310 573 sine
352 533 459 573 ferro
504 540 669 585 posset,
724 535 823 573 dum
866 539 1100 573 tumentem
1142 546 1371 572 mammam
1414 532 1558 571 leniter
1598 531 1725 579 fouet,
1746 544 1761 567 ι’)

101 603 339 657 scalpellum
372 607 548 657 spongia
580 611 737 644 tectum
771 604 993 644 induxisse.
1056 610 1329 657 repugnasset
1371 603 1507 656 puella
1540 603 1725 642 remedio

100 674 237 727 palam
271 676 457 715 admoto,
510 677 671 724 eadem,
704 677 798 728 quia
830 689 913 715 non
946 676 1198 727 expectauit,
1231 674 1422 714 dolorem
1451 673 1541 713 tulit
1601 686 1725 726 quae-

103 745 199 783 dam
233 758 315 784 non
350 746 422 785 nisi
456 746 635 799 decepta
666 752 873 786 sanantur.

221 815 312 857 XL.
376 816 511 856 Alteri
554 818 690 856 dices:
738 818 832 856 uide
873 830 925 855 ne
966 817 1135 855 inimicis
1175 816 1384 855 iracundia
1421 822 1493 855 tua
1524 814 1729 868 uoluptati

102 887 162 926 sit.
236 886 375 926 alteri:
437 888 532 926 uide
590 901 641 926 ne
703 888 949 940 magnitudo
998 887 1120 926 animi
1173 887 1230 926 tui
1279 887 1564 938 creditumque
1616 887 1727 937 apud
1753 896 1781 920 10

102 957 324 1009 plerosque
368 959 495 997 robur
527 958 659 999 cadat.
722 959 915 1010 indignor
946 971 1014 997 me
1046 957 1232 997 hercules
1266 963 1306 997 et
1340 971 1423 997 non
1455 958 1618 996 inuenio
1652 956 1726 995 do-

102 1027 213 1067 lendi
246 1029 433 1076 modum,
466 1030 541 1068 sed
573 1035 739 1080 tempus
773 1029 1083 1081 expectandum
1118 1034 1189 1068 est.
1240 1027 1356 1068 dabit
1387 1041 1546 1080 poenas
1610 1041 1729 1067 serua

102 1099 211 1137 istud
245 1100 284 1138 in
317 1099 456 1138 animo
489 1106 572 1138 tuo.
627 1112 720 1158 cum
753 1100 919 1151 poteriS,
952 1105 994 1138 et
1025 1113 1102 1151 pro
1137 1112 1255 1139 mora
1286 1100 1438 1138 reddes
1524 1100 1728 1150 castigare

57 1175 74 1208 ἱ
104 1182 204 1208 uero
246 1169 494 1209 irascentem
538 1176 579 1210 et
622 1169 729 1208 ultro
773 1170 949 1209 obirasci
990 1170 1159 1209 incitare
1192 1176 1266 1209 est.
1329 1171 1441 1209 uarie
1473 1169 1729 1221 adgredieris

103 1239 350 1292 blandeque,
383 1241 457 1280 nisi
487 1239 595 1280 forte
626 1246 744 1280 tanta
776 1253 956 1292 persona
980 1242 1068 1288 eris,
1101 1247 1145 1280 ut
1169 1242 1301 1292 possis
1324 1242 1427 1279 iram
1451 1240 1730 1287 conminuere,
1756 1251 1783 1273 ¹⁵

104 1311 466 1362 quemadmodum
505 1310 600 1351 fecit
642 1312 760 1350 diuus
794 1311 1030 1363 Augustus,
1073 1324 1167 1350 cum
1201 1317 1370 1351 cenaret
1402 1311 1514 1362 apud
1548 1310 1730 1350 Vedium

104 1380 346 1421 Pollionem.
409 1381 588 1434 fregerat
621 1396 723 1421 unus
756 1395 810 1420 ex
854 1384 982 1421 seruis
1024 1383 1109 1421 eius
1153 1381 1444 1421 crustallinum.
1508 1382 1594 1433 rapi
1636 1394 1730 1420 eum

107 1451 266 1491 Vedius
307 1452 420 1492 iussit
461 1466 514 1492 ne
556 1452 714 1505 uolgari
755 1453 923 1505 quidem
963 1466 1080 1492 more
1112 1453 1349 1505 periturum.
1414 1452 1593 1492 murenis
1625 1451 1733 1500 obici

105 1521 340 1571 iubebatur,
371 1537 473 1576 quas
505 1524 682 1574 ingentis
715 1525 754 1563 in
787 1524 942 1575 piscina
975 1524 1218 1563 continebat
1271 1524 1360 1575 quis
1393 1537 1476 1562 non
1509 1522 1591 1562 hoc
1620 1522 1732 1561 illum

58 1600 77 1630 ζ’»
106 1599 271 1644 putaret
323 1594 508 1633 luxuriae
549 1608 672 1634 causa
713 1594 878 1634 facere?
931 1596 1100 1634 saeuitia
1143 1601 1242 1634 erat.
1306 1595 1435 1633 euasit
1479 1607 1500 1633 e
1544 1593 1734 1633 manibus
1754 1603 1786 1627 2⁰

104 1677 207 1716 puer
239 1670 279 1703 et
312 1665 497 1717 confugit
529 1666 582 1704 ad
618 1665 804 1705 Caesaris
837 1666 967 1717 pedes
999 1665 1096 1704 nihil
1131 1665 1241 1705 aliud
1274 1667 1497 1718 petituruS,
1531 1677 1656 1716 quam
1691 1670 1734 1703 ut

105 1734 221 1774 aliter
252 1736 415 1787 periret,
449 1749 500 1775 ne
530 1749 624 1775 esca
656 1735 784 1775 fieret.
828 1742 968 1775 motus
1002 1743 1064 1775 est
1097 1737 1283 1776 nouitate
1306 1735 1557 1775 crudelitatis
1581 1736 1735 1775 Caesar

106 1812 147 1845 et
188 1805 300 1845 illum
343 1807 511 1859 quidem
555 1807 683 1854 mitti,
727 1806 961 1846 crustallina
1003 1813 1144 1846 autem
1179 1809 1319 1846 omnia
1352 1820 1494 1846 coram
1526 1819 1572 1846 se
1604 1805 1735 1857 frangi

66 1880 74 1893 ¹
105 1878 220 1916 iussit
263 1876 531 1930 conplerique
572 1878 780 1929 piscinam.
845 1876 919 1917 fuit
952 1877 1120 1917 Caesari
1163 1878 1220 1917 sic
1265 1879 1532 1929 castigandus
1565 1878 1733 1916 amicus.

105 1947 213 1987 bene
256 1961 351 1987 usus
395 1954 456 1987 est
499 1948 651 1987 uiribus
694 1950 785 1987 suis.
849 1962 872 1987 e
905 1950 1095 1988 conuiuio
1138 1949 1225 2000 rapi
1257 1949 1448 1988 homines
1480 1951 1661 2000 imperas
1693 1953 1734 1986 et
1755 1955 1788 1979 27¹

106 2019 202 2058 noui
244 2020 406 2069 generis
448 2020 592 2071 poenis
634 2019 854 2058 lancinari?
908 2020 939 2058 si
982 2019 1089 2058 calix
1134 2026 1228 2059 tuus
1268 2019 1419 2059 fractus
1452 2025 1536 2067 est,
1582 2020 1737 2057 uiscera

106 2088 287 2128 hominis
329 2089 635 2129 distrahentur?
689 2096 851 2129 tantum
897 2089 969 2129 tibi
1013 2090 1217 2142 placebis,
1261 2097 1305 2130 ut
1344 2089 1399 2129 ibi
1432 2090 1611 2141 aliquem
1645 2089 1736 2128 duci

107 2160 260 2208 iubeas,
295 2160 362 2199 ubi
397 2159 550 2199 Caesar
584 2163 674 2200 est?

227 2230 334 2270 XLI.
387 2230 429 2270 Si
463 2231 524 2269 cui
557 2237 721 2271 tantum
754 2233 969 2283 potentiae
1002 2237 1075 2278 est,
1110 2238 1152 2270 ut
1186 2233 1286 2271 iram
1320 2246 1374 2270 ex
1408 2233 1618 2283 superiore
1642 2231 1737 2269 loco

110 2396 129 2427 :3
166 2395 276 2426 inseret
312 2405 404 2427 201ch
432 2393 669 2427 delerem-um:
708 2395 797 2425 insert
951 2395 988 2427 ll)
1024 2399 1098 2436 aput
1251 2396 1282 2428 ll
1325 2396 1433 2433 alteri,
1470 2394 1569 2439 quod
1592 2395 1741 2439 punctis

110 2456 267 2486 notatum
294 2458 375 2498 pos!
402 2454 497 2484 cadat
524 2453 628 2486 habel
655 2452 786 2495 codex,
815 2464 938 2486 nerum
967 2464 1034 2486 mm
1063 2464 1141 2487 esse
1168 2457 1323 2498 apparet
1460 2455 1494 2487 12
1523 2465 1622 2496 penas

1062 2520 1078 2535 U

120 2549 154 2581 1:15
192 2550 272 2579 istud
301 2550 330 2579 in
365 2550 462 2585 (aule
489 2549 519 2578 in
546 2558 618 2581 rus.
650 2553 685 2580 nl
713 2547 870 2589 uidetur)
1010 2549 1130 2589 poteris
1277 2548 1312 2581 14
1349 2549 1548 2589 aggredieris
1575 2548 1693 2592 (prior
1719 2560 1740 2588 g

112 2617 218 2646 Fortu,
244 2618 266 2648 g
288 2607 360 2650 s'ult
386 2612 588 2651 suprascr.)
713 2607 748 2639 lli
777 2612 851 2647 aput
972 2607 1010 2638 1⁵·
1037 2607 1159 2647 uulgari
1267 2608 1303 2639 21
1337 2608 1423 2637 aliud
1451 2608 1486 2648 (d
1513 2617 1562 2640 <w
1590 2614 1597 2637 l
1627 2615 1738 2647 corr.)

539 2674 555 2689 u
982 2694 984 2696 Ι

233 2702 274 2734 26
303 2702 393 2742 penis
514 2706 560 2732 tus
698 2703 741 2734 ‘32⁴
775 2702 820 2731 sie
848 2703 896 2732 cui
924 2711 1017 2733 unus
1045 2699 1274 2743 deteriorum,
1303 2698 1430 2741 Gertz,
1457 2701 1523 2745 qui
1547 2705 1661 2734 lamen.
1688 2700 1737 2733 ila

113 2758 202 2793 haec
235 2769 313 2792 cum
347 2759 595 2804 superioribus
629 2758 878 2803 cam'nnqrndu
910 2770 952 2792 ac
979 2760 1065 2791 nous
1097 2759 1227 2804 capitis
1258 2759 1394 2792 initium
1422 2771 1443 2792 a
1470 2759 1588 2793 uerbis
1624 2770 1737 2800 pacem

115 2819 228 2849 demus
254 2817 467 2852 ordiendum
496 2828 574 2852 esse
600 2829 668 2851 mm
695 2818 876 2862 persuasi!
891 2830 896 2853 ;
932 2819 1052 2862 imque
1088 2817 1264 2861 defectum
1291 2828 1368 2851 cum
1392 2818 1546 2852 Grutero
1565 2822 1597 2850 ι’(
1620 2817 1739 2862 Le'psio

115 2876 320 2920 ,εξφιίβσαηῖ
