2008 3221
267 135 346 173 12ss
572 129 675 154 DlAL.
698 129 746 154 VI.
787 128 840 153 Al)
862 127 1051 153 MARCIAM
1074 127 1126 152 DE
1147 127 1468 156 CONSOLATIONE.
1508 131 1533 156 5.
1555 131 1581 155 (ἰ.

257 228 435 274 nescire,
468 225 827 279 quemadmodum
861 238 906 264 se
938 231 1107 277 gerant,
1149 224 1372 277 loquantur
1404 224 1556 278 aliquid
1589 239 1730 266 coram
1763 231 1806 266 te
1837 226 1890 267 de

258 299 397 338 Druso
430 312 480 337 an
514 296 630 344 nihil,
664 310 715 335 ne
748 304 815 335 aut
846 295 1001 335 obliuio
1035 295 1245 336 clarissimi
1278 296 1433 336 iuuenis
1464 296 1517 335 illi
1550 295 1672 336 faciat
1705 297 1889 337 iniuriam

257 377 327 409 aut
371 369 526 408 mentio
568 367 652 407 tibi.
716 380 812 406 cum
855 368 1101 407 secessimus
1144 375 1183 406 et
1215 367 1253 405 in
1286 380 1414 406 unum
1447 369 1740 416 conuenimus,
1782 367 1891 408 sacta

1917 379 1937 411 FC

258 443 343 479 eius
377 441 570 491 dictaque
602 444 760 490 quanto
794 438 942 477 meruit
974 443 1169 490 suspectu
1203 436 1472 477 celebramus.
1525 451 1666 478 coram
1694 444 1736 478 te
1759 438 1890 479 altum

223 511 378 553 5nobis
421 511 474 549 de
515 509 583 549 illo
625 509 832 549 silentium
874 515 959 548 est:
1007 522 1122 548 cares
1155 508 1294 560 itaque
1327 509 1513 548 maxima
1544 509 1780 561 uoluptate,
1823 509 1892 549 filii

257 583 313 622 tui
345 581 548 628 laudibuS,
581 593 683 632 quas
716 593 800 619 non
835 579 981 619 dubito
1014 580 1111 632 quin
1144 579 1209 618 uel
1241 579 1439 632 inpendio
1473 580 1598 628 uitae,
1638 581 1670 619 si
1702 586 1892 632 potestas

257 654 389 699 detur,
422 653 460 691 in
493 665 643 690 aeuum
676 664 802 690 omne
825 651 877 689 sis
900 657 1179 703 prorogatura
1243 664 1371 702 quare
1394 656 1549 703 patere,
1573 653 1703 691 immo
1727 665 1891 691 accerse
1917 662 1937 695 3

255 736 493 771 sermones,
537 722 686 774 quibus
724 721 790 761 ille
822 730 1006 760 narretur
1038 727 1079 760 et
1112 726 1278 774 apertas
1311 734 1429 760 aures
1460 721 1616 774 praebe
1649 723 1701 762 ad
1734 736 1889 762 nomen

257 779 588 846 memoriamque
631 792 697 832 filii
739 793 806 832 tui.
869 806 945 831 nec
987 791 1068 831 hoc
1109 805 1239 844 graue
1282 792 1452 832 duxeris
1494 798 1727 833 ceterorum
1763 807 1892 842 more,

209 881 237 905 10
258 866 326 917 qui
360 865 397 903 in
437 865 641 904 eiusmodi
685 877 781 903 casu
824 869 988 915 partem
1031 863 1128 902 mali
1170 865 1319 915 putant
1362 863 1504 902 audire
1545 863 1710 904 solacia.
1783 879 1892 904 nunc
1918 872 1939 906 4

256 936 472 976 incubuisti
495 941 587 975 tota
615 936 653 974 in
677 934 851 974 alteram
884 940 1047 987 partem
1071 940 1113 973 et
1135 934 1268 973 oblita
1291 933 1508 973 meliorum
1538 934 1746 974 fortunam
1776 942 1891 975 tuam

256 1021 337 1060 qua
381 1007 562 1046 deterior
603 1012 666 1046 est
698 1006 886 1058 adspicis.
950 1019 1035 1045 non
1069 1005 1276 1044 conuertis
1308 1010 1350 1044 te
1382 1006 1435 1044 ad
1469 1006 1683 1045 conuictus
1725 1005 1792 1045 filii
1835 1007 1892 1046 tui

256 1091 533 1130 occursusque
578 1078 800 1125 iucundos,
844 1090 927 1115 non
970 1077 1024 1116 ad
1056 1075 1233 1129 pueriles
1266 1075 1490 1128 dulcesque
1523 1075 1764 1125 blanditias,
1808 1091 1891 1117 non

257 1150 310 1189 ad
358 1150 613 1188 incrementa
664 1148 910 1188 studiorum.
973 1146 1161 1187 ultimam
1204 1147 1313 1186 illam
1357 1146 1502 1187 faciem
1548 1161 1683 1187 rerum
1726 1149 1891 1200 premis.

206 1235 234 1259 ιε,
257 1221 330 1269 illi,
374 1228 591 1273 tamquam
635 1221 665 1259 si
708 1233 854 1272 parum
899 1220 988 1272 ipsa
1029 1233 1103 1272 per
1134 1233 1179 1258 se
1211 1218 1381 1258 horrida
1412 1219 1483 1268 sit,
1527 1220 1728 1272 quidquid
1770 1225 1891 1272 potes

257 1292 457 1344 congeris.
529 1306 601 1340 ne,
656 1291 833 1331 obsecro
886 1297 946 1339 te,
988 1291 1260 1342 vconcupieris
1309 1291 1664 1344 peruersissimam
1707 1290 1891 1343 gloriam,
1917 1299 1936 1329 ῑι

255 1363 529 1402 infelicissima
577 1363 715 1402 uideri.
778 1362 898 1401 simu'l
940 1362 1080 1414 cogita
1123 1375 1205 1400 non
1249 1375 1340 1401 esse
1383 1375 1582 1413 magnum
1627 1361 1750 1401 rebus
1793 1375 1888 1414 pro-

255 1436 384 1487 speris
431 1433 583 1473 fortem
634 1447 678 1473 se
727 1446 892 1485 gerere,
947 1433 1015 1472 ubi
1059 1433 1243 1472 secundo
1287 1446 1405 1472 cursu
1448 1433 1533 1477 uita
1574 1433 1776 1485 procedit.
1838 1447 1890 1473 ne

256 1505 545 1557 gubernatoris
579 1505 748 1557 quidem
783 1510 915 1544 artem
949 1504 1215 1557 tranquillum
1249 1517 1362 1543 marc¹
1395 1510 1437 1543 et
1470 1503 1709 1555 obsequens
1742 1510 1890 1544 uentus

202 1591 234 1614 ευ
255 1576 464 1615 ostendit:
510 1576 674 1615 aduersi
713 1575 865 1628 aliquid
907 1576 1086 1615 incurrat
1129 1580 1320 1628 oportet,
1364 1574 1476 1627 quod
1509 1575 1692 1613 animum
1726 1575 1889 1628 probet.

254 1646 429 1700 proinde
471 1661 523 1686 ne
566 1646 805 1686 submiseris
848 1652 912 1694 te,
956 1647 1086 1686 immo
1119 1652 1264 1686 contra
1296 1645 1379 1698 fige
1411 1645 1602 1685 stabilem
1636 1646 1813 1698 gradum
1847 1652 1889 1686 et
1916 1656 1935 1685 ις

254 1718 454 1770 quidquid
497 1732 671 1757 onerum
714 1732 838 1771 supra
881 1718 1029 1757 cecidit
1071 1718 1249 1766 sustine,
1290 1717 1426 1770 primo
1460 1718 1681 1756 dumtaxat
1713 1717 1887 1769 strepitu

255 1790 490 1829 conterrita.
553 1789 663 1829 nulla
696 1803 739 1829 re
772 1789 904 1828 maior
937 1788 1089 1828 inuidia
1122 1788 1312 1828 fortunae
1334 1787 1379 1827 fit
1411 1801 1536 1840 quam
1570 1801 1705 1840 aequo
1738 1788 1906 1837 animo.v

254 1866 351 1913 post
384 1860 486 1900 haec
519 1861 703 1900 ostendit
726 1859 779 1899 illi
802 1860 928 1899 filium
953 1859 1215 1907 incolumem,
1241 1858 1422 1898 ostendit
1445 1872 1499 1897 ex
1523 1859 1677 1897 amisso
1701 1864 1888 1911 nepotes.

201 1944 234 1968 25
374 1930 448 1970 VI.
502 1931 640 1970 Tuum
673 1930 763 1979 illic,
797 1931 963 1982 Marcia,
996 1931 1211 1982 negotium
1246 1936 1403 1977 actum,
1438 1930 1511 1969 tibi
1544 1928 1682 1969 Areus
1714 1929 1887 1969 adsedit.
1922 1938 1928 1970 1

255 2008 370 2041 muta
411 2015 659 2054 personam:
707 2008 748 2041 te
788 2001 1025 2041 consolatus
1068 2008 1140 2041 est.
1204 2002 1278 2040 sed
1311 2007 1435 2053 puta,
1478 2000 1655 2048 Marcia,
1699 2007 1888 2052 ereptum

254 2072 326 2112 tibi
369 2072 546 2124 amplius
588 2086 712 2125 quam
757 2072 836 2111 ulla
879 2086 1076 2125 umquam
1112 2078 1246 2112 mater
1277 2073 1469 2111 amiserit.
1531 2076 1616 2110 'non
1648 2071 1888 2124 permulceo

250 2149 295 2183 te
328 2157 404 2183 nec
437 2150 620 2183 extenuo
654 2143 935 2183 calamitatem
968 2150 1110 2183 tuam:
1156 2145 1188 2183 si
1222 2143 1387 2183 fletibus
1414 2143 1498 2183 fata
1530 2144 1755 2191 uincuntur,
1789 2156 1884 2182 con-

255 2213 445 2254 feramus.
497 2221 565 2254 cat
599 2217 735 2255 omnis
766 2216 872 2255 inter
903 2215 1035 2255 luctus
1068 2216 1166 2254 dies.
1220 2221 1390 2254 noctem
1424 2215 1510 2254 sine
1542 2228 1693 2254 somno
1726 2214 1887 2254 tristitia
1913 2224 1933 2255 ‘3

202 2301 234 2321 :m
256 2292 484 2326 consumat.
548 2287 786 2338 ingerantur
828 2286 1009 2326 lacerato
1051 2287 1209 2338 pectori
1252 2299 1398 2325 manus
1430 2292 1471 2325 et
1503 2286 1543 2325 in
1575 2286 1707 2338 ipsam
1741 2284 1886 2324 faciem

263 2450 274 2483 l
309 2450 408 2481 altum
429 2461 520 2484 uuus
539 2450 778 2484 deteriorum:
809 2450 896 2482 aliud
1011 2450 1029 2483 ὓ
1058 2451 1201 2481 maxima
1221 2449 1439 2484 deteriores:
1470 2451 1612 2481 maxime
1731 2449 1742 2482 ἶ
1774 2449 1804 2480 in
1823 2453 1885 2482 eust

373 2512 393 2536 Η
420 2510 574 2550 {narretur
679 2511 697 2541 ἱ)
727 2510 852 2541 (luxeris
880 2507 953 2543 Εἰς
984 2510 1100 2541 dixeris
1237 2509 1277 2542 12
1307 2510 1424 2551 aspicis
1559 2509 1719 2540 conuertis
1746 2512 1775 2539 te
1802 2506 1884 2541 Plu-

256 2567 401 2601 ce'anus:
433 2569 647 2600 conum-[istite
791 2569 826 2602 15
854 2569 898 2599 illi
926 2572 1092 2610 tamquam
1119 2569 1145 2599 si
1174 2566 1324 2612 Madm'q
1353 2568 1411 2610 (illi
1439 2577 1606 2609 tamquam
1635 2567 1702 2601 iam
1732 2565 1882 2612 Nectlmz

256 2628 327 2659 iliu-1,
360 2628 449 2668 quasi
595 2627 629 2661 ls
667 2629 697 2659 in
725 2628 912 2659 felicissima
939 2626 1076 2668 codex,
1111 2626 1207 2662 unde
1232 2628 1452 2659 infelicissima
1479 2625 1637 2670 Flclcerl‚
1665 2626 1809 2665 Haase3
1839 2629 1885 2659 in-

257 2687 475 2718 felicissimam
505 2685 633 2730 wdslffi
671 2686 718 2730 ⁶st
749 2686 864 2728 Quint.
898 2688 949 2729 12,
977 2688 1007 2726 9,
1037 2689 1075 2719 11
1116 2688 1178 2718 hoc
1213 2687 1343 2728 quidem
1371 2687 1440 2728 quis
1467 2687 1636 2717 hominum
1664 2686 1757 2718 liberi
1784 2688 1885 2718 modo

258 2746 421 2786 sanguinis
456 2747 626 2786 sustineat,
663 2747 807 2788 petulans
840 2757 908 2778 esse
943 2747 983 2777 acl
1020 2746 1147 2778 alterius
1174 2747 1341 2778 arbitrium
1505 2745 1546 2777 ’18
1573 2745 1689 2777 sortem
1716 2757 1749 2778 se
1774 2757 1885 2788 gerere

259 2803 476 2838 deteriorem
517 2805 598 2838 sorte
625 2816 737 2846 gerere
874 2806 1016 2846 secundo
1153 2805 1190 2838 2³1
1232 2806 1428 2837 summiseris
1566 2804 1609 2838 2⁴2
1636 2805 1756 2847 quieqd

258 2863 296 2896 ‘li
329 2865 523 2897 incolumffl}
662 2866 706 2898 *ΔΗ
734 2865 917 2896 consolatus
945 2863 1163 2899 deteriores:
1193 2865 1373 2896 consulatus
1511 2864 1556 2899 28
1583 2867 1718 2896 extenuo
1730 2874 1749 2894 >21:-
