1977 3231
68 728 87 761 10

410 135 512 161 DIAL.
534 135 583 162 VI.
624 135 677 160 AD
698 135 885 162 MARCIAM
906 136 958 161 DE
978 136 1299 163 CONSOLATIONE.
1339 139 1383 165 25.
1404 139 1447 164 26.
1660 143 1737 181 153

118 238 188 272 aut
219 232 352 272 inuiae
385 231 512 270 ualles
543 238 612 272 aut
647 232 893 272 incertarum
917 234 1024 272 uada
1046 232 1257 285 Syrtium:
1295 233 1435 274 omnia
1457 235 1597 274 ineunt
1618 234 1740 286 plana

118 308 160 341 et
194 315 248 341 ex
282 301 386 341 facili
420 301 595 342 mobiles
629 309 668 342 et
698 302 881 355 expediti
904 309 946 343 et
968 304 1140 343 inuicem
1164 305 1292 356 peruii
1315 310 1409 344 sunt
1432 305 1740 357 intermixtique

119 372 331 412 sideribus.
1419 375 1423 378 “

235 442 393 482 XXVI.
446 443 549 482 Puta
582 444 718 496 itaque
751 458 804 483 ex
838 443 903 483 illa
934 458 1027 484 arce
1050 444 1215 484 caelesti
1236 450 1398 497 patrem
1421 452 1550 494 tuum,
1573 447 1738 495 Marcia,

119 513 187 565 [et]
223 513 285 552 cui
317 518 479 553 tantum
513 515 624 566 apud
656 521 698 553 te
731 515 988 554 auctoritatis
1020 521 1120 563 erat,
1153 522 1353 567 quantum
1387 516 1458 555 tibi
1481 517 1590 568 apud
1612 517 1738 557 filium

115 590 243 631 tuum,
276 597 360 623 non
392 583 461 623 illo
493 585 670 636 ingenio,
703 599 787 638 quo
820 585 948 625 ciuilia
980 585 1088 624 bella
1121 585 1300 633 defleuit,
1333 600 1417 638 quo
1445 587 1738 639 proscribentis

115 655 154 693 in
196 660 410 694 aeternum
453 656 540 708 ipse
573 657 832 708 proscripsit,
875 657 950 695 sed
982 661 1100 695 tanto
1134 656 1324 705 elatiore,
1369 664 1526 709 quanto
1559 664 1621 698 est
1653 659 1738 711 ipse

114 724 351 773 sublimior,
396 726 551 765 dicere:
599 740 670 765 cur
701 732 765 774 te,
808 726 908 774 filia,
951 733 1036 765 tam
1069 725 1195 777 longa
1225 733 1339 766 tenet
1370 728 1615 779 aegritudo?
1669 743 1739 768 cur

113 795 152 833 in
194 801 310 834 tanta
350 796 433 835 ueri
477 797 737 847 ignoratione
770 798 964 845 uersaris,
1007 803 1051 836 ut
1083 798 1219 850 inique
1251 804 1390 838 actum
1423 812 1517 838 cum
1550 798 1633 838 filio
1665 806 1738 838 tuo

113 865 287 913 iudices,
329 867 443 918 quod
485 867 647 919 integro
691 869 842 907 domus
884 874 1014 916 statu,
1062 868 1222 920 integer
1264 869 1350 921 ipse
1392 883 1436 909 se
1474 870 1528 909 ad
1560 871 1738 910 maiores

112 936 280 988 recepit,
315 939 440 976 suos?
493 937 625 977 nescis
669 939 830 989 quantis
880 937 1045 978 fortuna
1092 938 1282 991 procellis
1325 939 1530 979 disturbet
1571 942 1738 980 omnia?

112 1020 236 1059 quam
269 1006 387 1046 nullis
420 1007 644 1059 benignam
678 1008 923 1062 facilemque
956 1023 1001 1049 se
1032 1010 1293 1062 praestiterit,
1326 1011 1400 1049 nisi
1432 1011 1500 1065 qui
1522 1011 1737 1050 minimum

112 1091 206 1117 cum
249 1077 315 1117 illa
358 1082 681 1118 contraxerant?
726 1093 900 1131 regesne
933 1080 1005 1119 tibi
1037 1081 1250 1120 nominem
1283 1080 1536 1121 felicissimos
1569 1081 1738 1130 futuros,

111 1149 143 1187 si
176 1149 374 1188 maturius
406 1148 496 1188 illos
528 1163 642 1189 mors
674 1150 919 1190 instantibus
951 1150 1227 1190 subtraxisset
1260 1151 1402 1190 malis?
1436 1165 1487 1190 an
1520 1152 1737 1191 Romanos

111 1218 249 1263 duces,
281 1233 458 1271 quorum
491 1220 588 1259 nihil
620 1221 893 1272 magnitudini
927 1222 1068 1269 deerit,
1101 1222 1131 1260 si
1155 1220 1306 1273 aliquid
1329 1223 1455 1261 aetati
1477 1223 1735 1262 detraxeris?
1775 1233 1789 1255 ἰ»

111 1303 163 1328 an
205 1289 483 1329 nobilissimos
525 1291 635 1330 uiros
668 1290 1000 1344 clarissimosque
1034 1292 1084 1330 ad
1118 1292 1244 1331 ictum
1279 1292 1461 1332 militaris
1495 1293 1606 1344 gladi
1639 1307 1733 1332 con-

65 1366 83 1395 :³
111 1360 248 1413 posita
280 1361 439 1400 ceruice
471 1361 684 1402 firmatos?
728 1363 885 1415 respice
917 1369 1079 1416 patrem
1112 1368 1237 1415 atque
1270 1376 1393 1402 auum
1426 1369 1564 1403 tuum:
1602 1364 1665 1403 ille
1698 1365 1736 1403 in

111 1430 229 1470 alieni
270 1432 522 1483 percussoris
566 1434 675 1472 uenit
717 1432 943 1473 arbitrium.
1007 1447 1087 1485 ego
1119 1433 1217 1473 nihil
1249 1435 1287 1473 in
1322 1448 1389 1473 me
1422 1435 1611 1487 cuiquam
1644 1449 1734 1488 per-

111 1501 200 1540 misi
249 1507 290 1541 et
336 1502 428 1542 cibo
478 1502 710 1555 prohibitus
752 1505 917 1543 ostendi
960 1510 1045 1543 fam
1089 1518 1242 1556 magno
1287 1519 1353 1544 me
1396 1519 1521 1557 quam
1564 1506 1737 1545 uidebar

110 1572 248 1611 animo
291 1574 512 1625 scripsisse.
575 1588 645 1613 cur
687 1574 725 1613 in
759 1575 889 1614 domo
922 1581 1065 1614 nostra
1098 1576 1325 1615 diutissime
1357 1575 1519 1628 lugetur
1550 1577 1619 1628 qui
1650 1576 1733 1616 feli-

109 1644 271 1688 cissime
315 1645 513 1683 moritur?
567 1645 725 1684 coimus
767 1659 913 1685 omnes
963 1646 1001 1684 in
1044 1659 1170 1685 unum
1215 1647 1487 1699 uidemusque
1528 1660 1611 1686 non
1654 1647 1735 1686 alta

109 1720 233 1753 nocte
265 1714 529 1762 circumdati,
562 1715 615 1754 nil
648 1717 759 1768 apud
793 1730 888 1764 uos,
923 1722 966 1755 ut
998 1718 1162 1769 putatis,
1194 1716 1391 1770 optabile,
1423 1717 1475 1756 nil
1508 1717 1734 1766 excelsum,

109 1783 163 1823 nil
193 1784 480 1837 splendidum,
523 1786 597 1825 sed
636 1785 803 1826 humilia
835 1793 982 1827 cuncta
1015 1793 1056 1826 et
1087 1788 1230 1840 grauia
1261 1794 1301 1827 et
1335 1789 1457 1827 anxia
1488 1795 1530 1828 et
1560 1794 1733 1840 quotam

111 1861 273 1907 partem
306 1855 469 1895 luminis
502 1858 631 1895 nostri
664 1858 898 1897 cernentia?
931 1859 1030 1910 quid
1063 1859 1197 1898 dicam
1231 1858 1339 1898 nulla
1361 1858 1425 1898 hic
1447 1873 1562 1898 arma
1586 1861 1734 1899 mutuis

108 1925 241 1965 furere
283 1927 549 1966 concursibus
592 1942 668 1967 nec
711 1927 862 1968 classes
906 1928 1103 1969 classibus
1146 1928 1277 1981 frangi
1310 1943 1385 1969 nec
1418 1931 1632 1990 parricidia
1664 1938 1732 1970 aut
1772 1948 1785 1962 υ

116 2067 121 2099 1
147 2068 287 2108 Syrtium
300 2095 307 2102 ,
322 2069 434 2099 omnia
453 2069 561 2099 ineunt
579 2068 677 2109 plana
695 2066 815 2102 Koch:
844 2070 975 2110 syrtium
989 2096 995 2103 .
1008 2071 1122 2102 omniu
1140 2070 1238 2112 plana
1258 2069 1348 2110 cod„
1368 2080 1446 2103 cnm
1466 2070 1502 2103 ln
1520 2069 1734 2104 editionibus

108 2125 190 2160 inde
223 2137 244 2159 a
271 2125 512 2171 Neapolitana
545 2127 688 2158 tramites
718 2131 804 2171 post
830 2128 969 2168 Syrtium
1005 2131 1038 2161 ec
1070 2128 1157 2169 plani
1194 2127 1368 2173 scriptum
1403 2128 1468 2169 sic,
1503 2128 1537 2162 in
1566 2128 1731 2174 Neapoli-

1263 2195 1269 2210 Ι

107 2213 191 2241 tana
217 2207 359 2252 quidem
388 2218 474 2242 noce
499 2210 643 2240 omnium
671 2209 803 2243 omissa
967 2212 986 2244 ζ)
1015 2212 1044 2241 in
1072 2212 1144 2244 uic&
1171 2212 1257 2252 perui
1423 2211 1442 2243 f)
1469 2213 1518 2243 cui
1547 2209 1730 2246 Muretus:

1529 2275 1609 2294 tenet

107 2307 135 2333 et
162 2304 212 2333 cui
380 2308 455 2344 aput
482 2302 535 2337 bis
709 2304 718 2337 ἶ
758 2309 878 2345 quanto
913 2309 959 2336 est
988 2309 1047 2346 (est
1075 2305 1108 2338 in
1137 2307 1224 2346 ras.)
1395 2308 1415 2333 δ’
1451 2307 1550 2347 longa
1585 2307 1733 2347 egritudo

228 2361 269 2393 it)
306 2362 430 2403 integro
458 2363 574 2393 domus
600 2367 680 2394 statu
718 2364 840 2405 integer
867 2365 935 2405 ipse
961 2374 994 2394 se
1020 2365 1062 2394 ad
1088 2365 1228 2395 maiores
1264 2363 1410 2398 Fickert
1437 2368 1470 2398 et
1497 2363 1640 2398 Haase:
1671 2365 1734 2396 inte

107 2438 222 2468 domus
249 2441 346 2469 status
374 2438 438 2470 inte
465 2440 601 2485 ipse-vad
628 2440 768 2472 maiores
892 2440 929 2477 113,
957 2442 1091 2471 mimum
1122 2440 1167 2482 (w
1200 2451 1242 2474 m.
1273 2441 1306 2481 2)
1441 2441 1480 2474 13
1509 2446 1733 2472 contraxerant

106 2495 226 2529 nescio
253 2496 333 2540 qui:
363 2485 566 2529 contraxerat
717 2498 750 2532 14
782 2499 972 2530 instantibus
999 2496 1215 2532 Pincianus:
1250 2500 1406 2531 stantibus
1559 2499 1594 2532 15
1623 2501 1732 2541 aliquit

107 2554 131 2596 (t
157 2559 240 2588 mut.
269 2555 364 2603 mad)
504 2556 546 2589 1ss
572 2558 674 2598 gladii
703 2556 833 2598 (altera
860 2558 869 2588 i
896 2568 917 2590 α
944 2567 1038 2591 corr.
1067 2556 1208 2598 (cclde'la)
1358 2558 1391 2591 17
1421 2559 1565 2590 firmatos
1593 2557 1729 2603 Neal›.:

107 2613 264 2644 formatos
406 2614 444 2647 18
472 2617 582 2656 μιῃίςίῐ
609 2615 632 2659 (t
659 2615 742 2658 del.)
874 2617 915 2648 111
942 2617 1067 2647 ostendi
1094 2628 1189 2657 quam
1218 2617 1311 2647 uibar
1337 2618 1446 2648 animo
1475 2616 1523 2657 (in
1549 2628 1660 2661 mars).
1688 2629 1730 2653 m,

107 2670 168 2705 all.
206 2683 326 2713 magno
363 2676 522 2715 me.qua')
559 2674 636 2708 cod.
673 2676 798 2707 ostendi
834 2681 899 2706 tam
935 2686 1056 2716 magno
1091 2686 1143 2706 ine
1168 2686 1265 2716 quam
1299 2677 1434 2707 uidebar
1460 2677 1570 2707 animo
1600 2675 1731 2711 Haase.

106 2731 233 2762 ostendi
259 2732 345 2772 quali
373 2732 507 2763 uidebar
534 2734 642 2764 animo
662 2731 824 2778 Macluz'y,
851 2733 983 2767 iniuria
1010 2732 1163 2767 allerias
1186 2744 1313 2766 *manns
1331 2733 1576 2768 addilamento
1595 2734 1731 2768 abiecto

248 2789 293 2822 2⁴)
318 2791 483 2822 scribsisse
637 2792 673 2825 21
707 2794 918 2834 ui‹lemusq.::‹
945 2804 1008 2823 non
1154 2792 1197 2826 *2⁴2
1225 2796 1301 2834 aput
1328 2794 1351 2835 (t
1379 2796 1462 2828 mul.
1490 2792 1524 2826 in
1553 2794 1586 2827 di

106 2849 285 2904 optabilem

1762 880 1791 904 10

1755 1583 1788 1608 20
