1977 3231
455 164 749 190 CONTVMELIAM
776 164 970 191 ACCIPERE
995 163 1230 191 SAPIENTEM.
1258 162 1324 189 ΧΠ.
1345 160 1428 187 xm.
1689 163 1741 202 29

125 276 274 314 aegros
316 275 412 301 suos
462 262 667 309 medicus,
717 275 896 313 quorum
939 275 1015 300 nec
1058 261 1257 308 obscena,
1306 260 1338 299 si
1379 258 1565 298 remedio
1607 263 1743 308 egent,

125 339 382 372 contrectare
434 345 510 371 nec
563 331 751 383 reliquias
804 339 844 371 et
896 331 1025 371 effusa
1076 332 1221 371 intueri
1264 330 1512 382 dedignatur
1552 341 1630 366 nec
1670 341 1744 379 per

124 402 305 443 furorem
348 403 617 442 saeuientiurn
663 403 855 455 excipere
898 402 1106 442 conuicia:
1169 402 1244 441 scit
1285 401 1447 453 sapiens
1489 399 1623 438 omnis
1664 398 1742 438 hos

123 475 190 526 qui
228 474 360 526 togati
403 473 698 526 purpuratique
730 474 942 520 incedunt,
986 472 1169 512 ualentes
1202 472 1412 511 coloratos
1448 469 1569 522 fmale
1601 469 1738 520 sanos]

123 558 223 592 esse,
256 558 361 597 quos
394 558 477 583 non
511 544 627 584 aliter
659 545 772 583 uidet
803 556 928 596 quam
963 556 1112 595 aegros
1133 542 1457 595 intemperantis.
1519 541 1658 593 itaque
1690 554 1741 579 ne
1761 560 1776 583 5

123 621 336 655 suscenset
369 616 549 667 quidem,
582 615 612 653 si
646 615 746 667 quid
778 615 817 653 in
849 614 1002 653 morbo
1037 613 1286 666 petulantius
1320 613 1404 651 ausi
1428 618 1521 651 sunt
1543 613 1741 651 aduersus

123 686 379 731 medentenr
425 692 466 725 et
508 699 591 737 quo
634 685 773 724 animo
805 684 986 723 honores
1019 697 1163 723 eorum
1196 683 1321 722 nihilo
1353 683 1555 729 aestimat,
1589 677 1741 721 eodem

76 764 95 793 :3
122 770 271 809 parum
304 756 532 796 honorifice
563 756 680 795 facta.
744 756 1105 808 quemadmodum
1138 768 1223 793 non
1255 753 1435 806 placebit
1457 753 1544 799 sibi,
1575 753 1605 791 si
1628 752 1741 791 illum

123 828 335 867 mendicus
378 827 564 875 coluerit,
608 840 684 866 nec
716 825 1011 865 contumeliam
1044 825 1257 872 iudicabit,
1300 824 1332 863 si
1363 823 1414 862 illi
1447 823 1577 862 homo
1609 823 1741 876 plebis

122 898 288 937 ultimae
327 897 518 937 salutanti
551 903 740 937 mutuam
773 896 1065 936 salutationem
1106 909 1188 934 non
1222 894 1467 934 reddiderit:
1525 894 1581 933 sic
1613 907 1657 933 se
1689 907 1740 932 ne
1763 911 1793 935 ιο

120 969 312 1020 suspiciet
360 969 545 1020 quidem,
598 969 628 1007 si
670 968 782 1021 illum
825 966 940 1006 multi
981 967 1127 1005 diuites
1169 965 1442 1018 suspexerint.
1515 965 1589 1004 scit
1632 965 1741 1003 enim

119 1038 209 1078 illos
253 1038 350 1077 nihil
393 1052 416 1078 a
459 1039 662 1078 mendicis*
701 1038 881 1085 differre,
924 1038 1053 1076 immo
1098 1037 1329 1076 miseriores
1372 1049 1500 1075 esse..
1535 1035 1587 1074 illi
1631 1036 1740 1074 enim

119 1111 290 1161 exiguo,
333 1110 373 1149 hi
416 1109 547 1149 multo
591 1115 731 1161 egent.
794 1115 835 1147 et
877 1122 1015 1147 rursus
1057 1121 1140 1147 non
1185 1114 1397 1159 tangetur,
1438 1107 1470 1145 si
1513 1105 1625 1145 illum
1664 1119 1739 1145 rex

119 1179 347 1219 Medorum
380 1179 603 1219 Attalusue
635 1180 763 1219 Asiae
806 1179 1057 1218 salutantem
1101 1178 1258 1217 silentio
1291 1191 1339 1216 ac
1370 1176 1485 1216 uoltu
1519 1177 1738 1227 adroganti

118 1251 332 1290 transierit.
395 1252 469 1290 scit
512 1257 665 1290 statum
713 1251 798 1289 eius
830 1263 914 1288 non
947 1250 1079 1300 magis
1111 1248 1267 1287 habere
1299 1248 1519 1300 quicquam
1552 1248 1789 1289 inuiden-15

119 1322 218 1360 dum
251 1335 376 1374 quarn
410 1322 505 1370 eius,
539 1322 600 1361 cui
632 1322 670 1360 in
703 1334 858 1372 magna
888 1319 1039 1359 familia
1072 1332 1168 1358 cura
1201 1319 1352 1370 obtigit
1384 1331 1532 1369 aegros
1555 1318 1737 1357 insanos-

80 1403 86 1413 ’
117 1405 198 1443 que
230 1406 491 1444 conpescere.
550 1405 646 1431 num
672 1391 850 1430 moleste
873 1391 1013 1438 feram,
1045 1391 1077 1429 si
1100 1389 1199 1429 mihi
1230 1403 1314 1428 non
1336 1389 1563 1428 reddiderit
1585 1402 1739 1427 nomen

117 1461 259 1514 aliquis
283 1477 339 1501 ex
359 1463 434 1514 his,
465 1464 534 1515 qui
556 1464 609 1502 ad
633 1462 816 1501 Castoris
839 1462 1104 1513 negotiantur
1125 1473 1303 1512 nequam
1329 1459 1533 1512 mancipia
1554 1465 1739 1498 ementes

117 1534 441 1585 uendentesque‚
463 1547 640 1585 quorum
663 1532 863 1571 tabernae
884 1532 1161 1584 pessimorum
1183 1544 1399 1570 seruorum
1421 1530 1545 1568 turba
1566 1528 1739 1568 refertae

116 1606 232 1643 sunt?
286 1618 386 1651 non,
430 1611 474 1643 ut
515 1611 628 1656 puto.
691 1604 789 1655 quid
833 1603 941 1642 enirn
984 1603 1016 1641 is
1059 1602 1157 1640 boni
1196 1601 1340 1647 habet,
1383 1601 1461 1640 sub
1493 1614 1577 1652 quo
1611 1613 1736 1639 nemo
1756 1614 1789 1640 20

116 1675 188 1713 nisi
236 1674 368 1713 malus
411 1677 497 1713 est?
567 1688 668 1725 ergo
722 1680 765 1712 ut
807 1674 925 1712 huius
966 1672 1267 1712 humanitatem
1311 1671 1738 1722 inhumanitatemque

114 1744 307 1796 neglegit,
341 1746 396 1784 ita
429 1751 470 1783 et
493 1746 621 1796 regis:
668 1744 798 1783 habes
821 1745 897 1783 sub
920 1750 962 1783 te
986 1743 1161 1782 Parthos
1184 1749 1224 1782 et
1247 1742 1398 1781 Medos
1422 1748 1463 1780 et
1485 1741 1737 1788 Bactrianos,

114 1815 187 1854 sed
233 1829 339 1867 quos
382 1822 497 1855 metu
540 1816 744 1863 contines,
788 1816 862 1853 sed
905 1820 1078 1866 propter
1109 1826 1214 1865 quos
1247 1813 1458 1852 remittere
1489 1825 1631 1851 arcum
1664 1812 1737 1850 tibi

113 1899 195 1924 non
240 1887 463 1938 contingit,
507 1887 580 1925 sed
630 1887 749 1937 lupos
792 1885 1071 1931 taeterrimos,
1120 1885 1192 1923 sed
1237 1883 1421 1930 uenales,
1463 1883 1538 1921 sed
1580 1895 1735 1920 nouum

68 1968 80 1998 Γ
116 1963 370 2009 aucupantes
403 1957 644 1996 dominium.
707 1956 854 1995 nullius
884 1969 986 2006 ergo
1009 1954 1246 1994 mouebitur
1273 1953 1535 1993 contumelia.
1589 1965 1735 1991 omnes
1755 1967 1788 1993 25

114 2028 222 2067 enim
265 2028 369 2067 inter
410 2041 453 2066 se
497 2026 701 2074 differant,
743 2027 906 2079 sapiens
948 2026 1117 2078 quidem
1156 2037 1276 2077 pares
1308 2024 1398 2063 illos
1430 2024 1486 2062 ob
1519 2023 1735 2075 aequalem

113 2098 326 2138 stultitiam
369 2099 503 2137 omnis
545 2104 672 2150 putat.
745 2110 841 2136 nam
886 2097 917 2135 si
960 2095 1089 2135 semel
1131 2108 1176 2134 se
1216 2094 1429 2134 demiserit
1470 2107 1538 2142 eO,
1581 2101 1624 2133 ut
1666 2100 1736 2132 aut

113 2169 253 2208 iniuria
285 2175 503 2208 moueatur
535 2175 605 2207 aut
637 2167 900 2215 contumelia,
932 2181 1015 2206 non
1048 2166 1201 2218 poterit
1223 2178 1422 2217 umquam
1446 2178 1537 2204 esse
1558 2177 1736 2203 securus

113 2240 309 2279 securitas
331 2245 470 2278 autem
491 2239 704 2291 proprium
722 2238 880 2277 bonurn
901 2237 1095 2290 sapientis
1115 2242 1187 2283 est,
1208 2249 1284 2275 nec
1304 2236 1551 2283 committet,
1572 2242 1616 2274 ut
1634 2235 1733 2273 iudi-

113 2311 248 2349 cando
271 2309 565 2349 contumeliam
589 2309 663 2348 sibi
686 2308 837 2348 factam
859 2308 1063 2347 honorem
1088 2307 1241 2345 habeat
1265 2307 1299 2345 ei
1321 2307 1389 2358 qui
1411 2305 1517 2345 fecit.
1565 2318 1734 2344 necesse
1755 2318 1786 2343 30

113 2387 174 2420 est
217 2381 336 2428 enim,
369 2394 392 2419 a
424 2394 507 2432 quo
541 2380 715 2432 quisque
748 2379 956 2418 contemni
989 2378 1166 2417 moleste
1199 2376 1320 2424 ferat,
1359 2378 1506 2429 suspici
1539 2376 1731 2428 gaudeat.

118 2520 131 2552 l
159 2521 302 2561 obscena
438 2520 444 2552 i
476 2521 561 2551 male
587 2531 682 2550 sanos
707 2518 843 2552 inducie
874 2518 994 2552 Haase
1022 2518 1188 2558 (incedunt
1213 2522 1245 2549 ut
1271 2517 1429 2557 ualentes,
1457 2517 1621 2548 coloratos
1648 2517 1734 2546 male

112 2589 207 2609 sanos
233 2589 300 2610 esse
326 2589 403 2612 cum
432 2577 616 2623 Jladm'qio
645 2577 765 2619 θεν-ἴε)
894 2582 915 2607 ἢ·
941 2577 1165 2618 quemfiniodfi
1304 2576 1339 2609 10
1365 2587 1397 2607 se
1424 2575 1610 2615 omissum,
1637 2573 1736 2619 qnod

113 2637 270 2670 certatim
298 2636 437 2671 addunt
463 2636 521 2671 uel
545 2640 626 2670 aute
651 2648 691 2668 ne
717 2636 776 2670 uel
792 2640 879 2680 pos!
905 2647 943 2666 ne
971 2634 1029 2668 uel
1045 2640 1126 2667 (mle
1152 2636 1176 2665 si
1289 2634 1323 2667 ll
1354 2645 1428 2675 asye
1532 2635 1617 2665 uultu
1645 2644 1731 2664 arro-

111 2697 201 2736 ganti
323 2697 363 2728 '113
390 2707 486 2737 egros
612 2696 647 2729 li
677 2700 851 2737 copescere
972 2694 1012 2727 'Ji
1043 2694 1200 2734 contingit
1229 2691 1354 2727 Curio:
1385 2694 1519 2734 contigit
1641 2693 1732 2733 lupos

111 2755 312 2785 taeterrimos
350 2754 466 2788 Koch:
509 2759 579 2796 post
612 2747 729 2786 trimos
763 2756 885 2795 (hostes
918 2754 1097 2784 teterrimos
1131 2763 1208 2785 cum
1245 2750 1430 2796 lllallm'yio
1467 2750 1589 2786 Gerll)

113 2814 156 2845 “lii
184 2813 332 2843 differant
360 2812 484 2847 Gertz:
515 2814 663 2843 disserunt
787 2815 831 2845 '33⁸'
858 2813 974 2853 poterit
1000 2821 1069 2843 non
1097 2812 1234 2852 potuerit
1261 2809 1338 2846 cod.
1459 2814 1565 2851 unqua}
1687 2811 1731 2841 :w

113 2875 304 2902 necessesest
