2008 3221
236 116 315 155 122
538 112 641 139 DIAL.
664 112 712 139 VI.
752 112 806 137 AD
828 112 1017 139 MARCIAM
1040 113 1091 137 DE
1111 112 1434 141 CONSOLATIONE.
1476 116 1499 141 1.
1520 115 1547 142 2.

231 212 462 250 remedium
496 212 711 262 temporis,
744 211 860 263 quod
893 211 1102 250 maximas
1134 223 1301 263 quoque
1332 224 1552 251 aerumnas
1575 213 1786 264 conponit,
1818 214 1858 252 in

230 289 273 321 te
315 296 395 320 una
437 283 520 320 uim
573 295 688 320 suam
743 283 940 334 perdidit.
1005 283 1150 321 tertius
1191 283 1274 321 iarn
1317 284 1528 334 praeteriit
1571 296 1722 331 annuS,
1766 297 1859 323 cum
1887 288 1906 322 7

230 354 394 392 interim
427 352 523 391 nibil
558 366 611 391 ex
644 354 781 404 primo
814 351 882 392 illo
905 354 1048 405 inpetu
1071 352 1230 392 cecidit.
1284 360 1458 393 renouat
1480 367 1524 393 se
1547 360 1588 393 et
1612 354 1861 394 corroborat

231 424 385 462 cotidie
426 423 559 462 luctus
603 430 644 463 et
687 425 768 462 iam
802 424 878 463 sibi
911 425 972 463 ius
1006 437 1125 463 mora
1156 422 1252 463 fecit
1285 437 1420 476 eoque
1451 425 1658 464 adductus
1691 431 1774 473 est,
1817 431 1862 464 ut

195 506 209 529 ει
231 501 349 545 putet
382 501 502 545 turpe
535 494 734 534 desinere.
797 496 1161 546 quemadmodum
1195 496 1335 533 onmia
1363 496 1462 534 uitia
1483 496 1646 547 penitus
1668 496 1862 543 insidunt,

230 567 301 603 nisi
336 566 435 603 dum
469 571 654 615 surgunt,
688 578 890 617 oppressa
923 572 1028 613 sunt,
1062 564 1253 605 ita·haec
1285 579 1452 618 quoque
1482 567 1617 606 tristia
1649 573 1690 606 et
1713 568 1863 606 misera

229 642 270 675 et
304 637 340 674 in
374 649 418 674 se
451 637 678 675 saeuientia
711 637 799 688 ipsa
821 637 1045 681 nouissime
1067 636 1296 676 acerbitate
1318 642 1542 688 pascuntur
1564 643 1606 676 et
1628 637 1673 676 fit
1695 636 1863 677 infelicis

228 707 350 745 animi
395 721 524 758 praua
570 706 765 758 uoluptas
810 707 940 746 dolor.
1004 709 1210 759 cupissem
1253 709 1393 760 itaque
1425 709 1570 759 primis
1602 708 1863 760 temporibus
1889 712 1910 746 8

228 779 280 816 ad
335 779 454 816 istam
511 779 766 817 curationem
811 779 1023 817 accedere.
1097 778 1253 817 leniore
1295 779 1500 817 medicina
1542 778 1684 818 fuisset
1727 780 1864 818 oriens

180 857 209 881 ¹0
229 848 367 887 adhuc
399 850 688 900 restringenda
721 850 804 888 uis:
842 848 1131 888 uehementius
1165 855 1310 888 contra
1338 851 1568 889 inueterata
1590 850 1863 902 pugnandum

228 926 301 959 est.
365 934 460 958 nam
505 919 721 959 uolnerum
765 934 933 972 quoque
975 921 1128 959 sanitas
1169 919 1296 959 facilis
1340 927 1424 969 est,
1467 922 1566 959 dum
1611 934 1634 960 a
1666 921 1865 973 sanguine

229 993 410 1030 recentia
452 996 558 1030 sunt.
622 997 720 1031 tunc
762 998 958 1031 eruuntur
1001 998 1040 1030 et
1082 993 1122 1030 in
1165 991 1294 1031 altum
1338 998 1586 1031 reuocantur
1628 998 1669 1030 et
1708 992 1864 1043 digitos

228 1064 500 1101 scrutantium
555 1063 780 1114 recipiunt:
839 1063 907 1102 ubi
959 1068 1157 1115 corrupta
1199 1063 1237 1101 in
1281 1062 1436 1102 malum
1482 1063 1595 1102 ulcus
1638 1068 1865 1109 uerterunt,

228 1132 431 1172 difficilius
464 1140 666 1172 curantur.
728 1147 810 1172 non
844 1147 1015 1186 possum
1049 1147 1157 1172 nunc
1188 1146 1262 1185 per
1295 1133 1543 1186 obsequium
1577 1147 1654 1173 nec
1687 1133 1866 1173 molliter

179 1213 208 1237 ¹5»
230 1205 402 1255 adsequi
435 1210 523 1244 tam
558 1205 707 1243 durum
742 1204 959 1244 dolorem:
997 1204 1250 1257 frangendus
1284 1211 1347 1244 est

347 1275 393 1314 ΙΙ.
447 1274 547 1314 Scio
590 1290 613 1315 a
656 1277 890 1328 praeceptis
935 1276 1112 1328 incipere
1155 1289 1323 1323 omne&
1369 1277 1436 1328 qui
1480 1289 1651 1315 monere
1684 1276 1863 1329 aliquem
1900 1280 1907 1312 1

230 1346 396 1394 uolunt,
450 1352 491 1385 et
543 1348 581 1385 in
636 1345 841 1398 exemplis
885 1347 1083 1385 desinere.
1154 1347 1303 1386 mutari
1344 1345 1453 1386 hunc
1494 1347 1657 1387 interim
1702 1360 1864 1386 morem

230 1418 403 1469 expedit
468 1417 584 1456 aliter
616 1419 725 1456 enim
759 1431 853 1456 cum
887 1417 967 1457 alio
1000 1418 1212 1469 agendum
1247 1423 1335 1456 est:
1373 1419 1581 1470 quosdam
1610 1420 1718 1458 ratio
1742 1420 1866 1465 ducit,

230 1487 482 1540 quibusdam
506 1490 676 1527 nomina
699 1488 809 1528 clara
832 1489 1089 1541 opponenda
1111 1494 1207 1528 sunt
1230 1494 1271 1527 et
1295 1490 1531 1537 auctoritas,
1561 1502 1667 1541 quae
1689 1488 1865 1529 liberum

179 1567 212 1590 20
233 1572 316 1597 non
350 1559 553 1611 relinquat
586 1561 769 1599 animum
804 1559 855 1599 ad
889 1560 1079 1612 speciosa
1110 1559 1305 1612 stupenti.
1358 1560 1443 1598 duo
1475 1559 1549 1599 tibi
1581 1573 1736 1612 ponam
1770 1565 1866 1599 ante
1892 1562 1913 1596 2

231 1629 376 1669 oculos
409 1631 597 1670 maxima
629 1637 670 1670 et
703 1645 830 1670 sexus
863 1637 905 1670 et
937 1630 1089 1670 saeculi
1122 1630 1179 1670 tui
1212 1630 1435 1682 exempla:
1478 1630 1644 1670 alterius
1677 1630 1865 1678 feminae,

230 1715 337 1753 quae
370 1714 413 1739 se
446 1702 618 1741 tradidit
651 1701 863 1741 ferendam
900 1701 1046 1750 dolori,
1079 1700 1266 1749 alterius,
1299 1715 1406 1754 quae
1438 1703 1525 1754 pari
1559 1700 1725 1741 adfecta
1757 1714 1866 1749 casn,

230 1773 389 1811 maiore
421 1771 590 1820 damno,
623 1786 707 1811 non
741 1778 882 1813 tamen
916 1773 1032 1812 dedit
1054 1772 1227 1825 longum
1251 1773 1289 1811 in
1311 1786 1356 1811 se
1379 1772 1496 1812 malis
1518 1773 1599 1812 suis
1623 1773 1866 1821 dominium,

230 1844 304 1882 sed
338 1844 420 1882 cito
453 1845 636 1882 animum
670 1845 709 1883 in
741 1845 888 1883 sedem
921 1858 1038 1883 suam
1062 1844 1256 1895 reposuit.
1311 1842 1488 1883 Octauia
1510 1850 1551 1883 et
1575 1844 1704 1892 Liuia,
1736 1843 1866 1903 altera
1893 1846 1912 1877 :3

176 1921 208 1945 22⁷»
229 1928 348 1953 soror
368 1913 563 1965 Augusti,
588 1913 716 1954 altera
737 1928 855 1963 uxor,
875 1916 1098 1954 amiserant
1119 1914 1225 1954 filios
1249 1915 1428 1959 iuuenes,
1452 1920 1625 1967 utraque
1647 1928 1721 1968 spe
1744 1913 1866 1954 futuri

230 1985 422 2038 principis
441 1992 573 2024 certa:
592 1985 768 2025 Octauia
781 1985 1037 2034 Marcellum,
1050 1986 1113 2025 cui
1133 1992 1173 2025 et
1191 1985 1416 2025 auunculus
1435 1991 1475 2025 et
1493 1999 1613 2025 socer
1627 1985 1867 2025 incumbere

231 2062 439 2108 coeperat,
458 2058 498 2095 in
517 2069 642 2108 quem
662 2070 766 2096 onus
789 2057 932 2110 inperii
955 2056 1163 2105 reclinare,
1176 2055 1487 2096 adulescentem
1511 2057 1651 2096 animo
1673 2056 1866 2105 alacrem,

240 2198 245 2229 Ι
280 2199 449 2238 componit
579 2199 597 2230 2
626 2199 756 2240 preterit
783 2197 949 2232 sollertem·
976 2197 1072 2238 uilio,
1099 2202 1261 2232 correcto
1288 2197 1323 2231 in
1351 2197 1590 2231 deterioribus
1717 2199 1737 2229 :3
1764 2198 1865 2230 nichil

352 2258 394 2288 im
423 2262 495 2298 polu
525 2259 581 2299 (im
610 2257 720 2299 corr.)
863 2258 869 2290 i
901 2258 997 2289 etiam
1129 2257 1147 2290 7
1177 2258 1333 2289 seuientia
1454 2260 1475 2288 δ’
1501 2268 1601 2299 praua
1628 2256 1733 2294 dest:
1763 2268 1864 2299 prauo

353 2319 372 2346 3⁸
399 2317 522 2348 leniore
552 2316 680 2351 Gerlzt
711 2318 831 2348 leuiore
968 2317 996 2349 11
1031 2317 1195 2348 uulnerum
1221 2317 1309 2358 (uuln
1336 2316 1371 2350 in
1398 2322 1487 2359 ras.)
1618 2317 1652 2350 12
1680 2321 1709 2348 et
1736 2320 1865 2348 uruntur

233 2373 372 2415 codeoe,
407 2374 502 2409 unde:
535 2382 682 2407 eruuntur
714 2374 821 2419 effeci
852 2375 943 2409 conl.
972 2374 1017 2409 de
1037 2386 1147 2421 prou.
1175 2378 1213 2419 6,
1242 2378 1261 2408 9
1296 2388 1361 2408 non
1389 2377 1419 2407 in
1447 2377 1515 2407 alto
1550 2376 1627 2407 latet
1653 2377 1780 2417 spiritus
1806 2387 1864 2407 nec

234 2435 344 2475 utique
372 2435 455 2466 ferro
492 2436 647 2466 eruendus
681 2439 736 2468 est.
764 2446 829 2465 non
855 2439 924 2466 sunt
960 2435 1091 2466 uolnere
1125 2436 1250 2477 penitus
1283 2436 1426 2477 inpresso
1461 2435 1632 2466 scrutanda
1659 2435 1864 2476 praecordia,

234 2492 296 2526 uba·
319 2504 433 2538 aeque
459 2499 710 2538 conponmtlur
738 2493 849 2527 uerba
876 2492 1030 2527 eruendi
1053 2497 1086 2527 el
1110 2492 1319 2529 scrutanda}
1350 2498 1378 2525 et
1405 2500 1566 2535 terguntur
1593 2491 1754 2537 Madm'q,
1783 2503 1863 2527 cum

235 2552 342 2586 liert:
375 2563 531 2597 prorsus
566 2558 696 2587 [emere
731 2554 895 2584 difficilius
930 2559 1078 2584 cui-antur
1113 2551 1273 2586 eice'euda
1309 2563 1385 2586 esse
1417 2558 1561 2587 censeat
1715 2552 1747 2585 14
1782 2558 1865 2597 pos!

231 2617 390 2643 uerierunt
428 2610 557 2644 lamam
711 2613 745 2644 lsi
782 2613 913 2653 adloqui
948 2610 1153 2645 dubilanter
1180 2610 1294 2651 Kocle,
1330 2613 1460 2653 adsequi
1496 2623 1539 2645 ue
1573 2611 1694 2656 Lipsio
1721 2611 1862 2656 quidem

226 2669 384 2714 φῖτυ-υἷϊ,
419 2671 656 2715 inlerstrelari
687 2676 802 2704 lamen
829 2669 949 2704 sluclel
978 2669 983 2677 ¹
989 2675 1222 2715 praeeuntem
1251 2669 1409 2704 dolorem
1434 2670 1618 2715 prendere
1644 2669 1704 2705 *uel
1727 2668 1861 2705 se'slm'e'

359 2732 404 2763 ⁴31)
430 2731 585 2771 stupeum,
612 2730 711 2774 quod
742 2729 862 2764 φάε-ἰ·
887 2729 1011 2771 kabel,
1046 2740 1115 2763 7107!
1149 2734 1228 2763 era(
1261 2739 1326 2762 cur
1359 2729 1593 2764 addubistrre!
1622 2728 1727 2764 Gertz

232 2790 269 2821 2}
311 2789 428 2820 semine
464 2791 497 2827 (e
523 2793 619 2822 (τείν.
647 2789 680 2821 in
710 2791 797 2831 ras.)
936 2791 979 2822 22)
1015 2789 1131 2820 assecta
1169 2788 1293 2833 (prior
1319 2789 1464 2829 scorr.)
1611 2790 1653 2822 25»
1687 2791 1862 2821 amiserant

234 2847 361 2881 Gm'lz:
393 2849 563 2879 amiserunt
690 2848 731 2881 ‘31‘
760 2853 891 2889 ceperat
1702 2847 1704 2849 ’
