2008 3221
240 1214 267 1238 15

237 1568 270 1592 20

296 122 372 160 164
592 117 696 144 DIAL.
712 117 777 144 VII.
817 117 870 142 AD
892 115 1127 142 GALLIONEM
1148 116 1201 141 DE
1220 116 1314 142 V1TA
1334 116 1475 143 BEATA.
1516 118 1559 144 10.
1583 118 1623 143 11.

287 228 415 266 praua
447 214 523 253 sibi
557 212 686 252 multa
717 215 968 265 suggerere?
1001 213 1041 252 in
1073 213 1215 265 primis
1247 212 1511 253 insolentiam
1545 218 1586 252 et
1608 212 1777 252 nimiam
1800 213 1919 253 aesti-

288 286 516 325 mationem
549 284 608 323 sui
640 290 936 336 tumoremque
968 284 1124 323 elatum
1156 298 1281 336 super
1313 291 1474 324 ceteros
1507 290 1548 323 et
1571 297 1760 324 amorem
1783 298 1918 324 rerum

287 369 454 395 suarum
497 368 667 394 caecum
700 361 741 394 et
774 356 1061 408 inprouidum,
1107 354 1273 394 delicias
1305 355 1468 395 fluentis
1500 361 1542 394 et
1574 368 1629 394 ex
1662 355 1840 395 minimis
1872 369 1920 395 ac

287 425 510 479 puerilibus
542 427 674 465 causis
707 425 1028 474 exultationem,
1061 426 1142 465 iam
1177 426 1439 465 dicacitatem
1472 439 1520 466 ac
1552 426 1788 478 superbiam
1821 439 1918 465 con-

288 496 465 536 tumeliis
498 497 766 547 gaudentem,
799 497 1002 536 desidiam
1037 496 1437 548 dissolutionemque
1469 497 1607 548 segnis
1637 496 1761 535 animi
1783 496 1919 536 indor-

289 567 450 606 mientis
502 567 604 606 sibi:
660 566 764 606 haec
814 567 954 606 onmia
997 568 1124 606 uirtus
1168 567 1334 606 discutit
1378 572 1419 606 et
1461 580 1602 606 aurem
1648 566 1837 619 peruellit
1879 573 1921 607 et

288 638 527 689 uoluptates
559 638 764 686 aestimat,
797 643 1024 690 antequam
1057 638 1269 686 admittat,
1301 651 1378 677 nec
1409 651 1511 689 quas
1543 637 1748 690 probauit,
1782 638 1922 690 magni
1973 678 1976 684 ,

287 709 445 761 pendit,
477 709 618 760 utique
651 709 760 747 enim
793 709 987 757 admittit,
1019 722 1096 748 nec
1128 722 1203 748 usu
1233 722 1386 756 earum,
1419 709 1495 748 sed
1518 709 1793 761 temperantia
1814 708 1923 748 laeta

288 786 360 818 est.
414 779 692 831 temperantia
724 785 864 818 autem
898 792 992 818 cum
1026 779 1265 832 uoluptates
1287 781 1455 826 minuat,
1488 779 1639 818 summi
1661 779 1761 818 boni
1782 779 1924 819 iniuria

288 858 362 890 est.
404 856 449 889 tu
482 850 740 902 uoluptatem
774 850 1060 902 conplecteris,
1094 864 1175 902 ego
1199 863 1419 903 conpesco.
1462 856 1506 889 tu
1528 849 1746 902 uoluptate
1769 849 1923 898 frueris,

289 934 369 972 ego
412 927 516 960 utor.
578 927 623 960 tu
666 920 776 960 illam
820 934 1032 960 summum
1064 921 1223 960 bonum
1255 926 1389 974 putas,
1423 934 1503 973 ego
1536 934 1613 961 nec
1644 920 1816 961 bonum.
1879 927 1923 961 tu

289 993 429 1031 omnia
462 991 688 1045 uoluptatis
720 1006 845 1031 causa
877 991 985 1041 facis,
1019 1005 1099 1044 ego
1133 992 1240 1032 nihil.

406 1063 477 1103 XI.
521 1062 627 1102 Cum
661 1064 756 1102 dico
789 1077 858 1102 me
890 1063 987 1102 nihil
1021 1063 1245 1116 uoluptatis
1274 1076 1399 1103 causa
1420 1062 1567 1111 facere,
1601 1064 1654 1102 de
1683 1062 1751 1103 illo
1773 1062 1924 1116 loquor

289 1135 487 1188 sapiente,
522 1135 584 1173 cui
616 1133 692 1173 soli
725 1135 919 1173 concedis
952 1134 1225 1188 uoluptatem.
1269 1148 1354 1174 non
1379 1147 1486 1173 uoco
1516 1139 1657 1173 autem
1680 1135 1924 1186 sapientem,

289 1219 413 1258 supra
445 1218 570 1257 quem
593 1206 815 1257 quicquam
839 1212 912 1253 est,
946 1206 1102 1245 nedum
1126 1205 1319 1258 uoluptas
1339 1220 1344 1245 :
1382 1205 1495 1258 atqui
1519 1205 1572 1244 ab
1595 1205 1673 1244 hac
1696 1211 1924 1258 occupatus

288 1277 506 1328 quomodo
541 1277 703 1315 resistet
735 1275 868 1315 labori
885 1262 942 1315 'et
964 1276 1160 1329 periculo,
1194 1276 1371 1327 egestati
1394 1282 1435 1315 et
1457 1282 1522 1316 tot
1545 1276 1772 1316 humanam
1797 1277 1923 1316 uitam

290 1346 727 1401 circumstrepentibus
759 1347 905 1386 minis?
949 1348 1168 1398 quomodo
1203 1354 1476 1399 conspectum
1510 1348 1672 1394 mortis,
1706 1348 1925 1399 quomodo

290 1417 446 1457 doloris
488 1417 619 1457 feret?
673 1418 892 1470 quomodo
936 1419 1079 1457 mundi
1122 1418 1310 1469 fragores
1353 1423 1394 1457 et
1433 1423 1595 1457 tantum
1629 1418 1925 1457 acerrimorum

290 1489 471 1528 hostium
505 1503 529 1528 a
560 1494 648 1527 tam
681 1488 795 1528 molli
830 1489 1069 1528 aduersario
1103 1489 1261 1528 uictus?
1295 1488 1498 1541 quidquid
1530 1488 1722 1541 uoluptas
1754 1490 1927 1529 suaserit

291 1558 422 1599 saciet.
486 1573 586 1611 age,
639 1573 724 1598 non
767 1559 883 1598 uides
926 1573 1052 1611 quam
1097 1559 1227 1599 multa
1269 1573 1438 1599 suasura
1481 1560 1558 1599 sit?
1622 1558 1741 1607 nihil,
1785 1560 1925 1612 inquit,

290 1631 443 1683 poterit
475 1631 650 1683 turpiter
681 1630 868 1678 suadere,
901 1631 997 1683 quia
1019 1631 1214 1670 adiuncta
1236 1631 1373 1670 uirtuti
1396 1637 1469 1670 est.
1500 1620 1606 1670 ‘non
1628 1630 1742 1670 uides
1764 1631 1925 1679 iterum,

291 1701 412 1754 quale
454 1703 506 1741 sit
538 1716 748 1741 summum
782 1702 966 1749 bonum,
1009 1703 1070 1741 cui
1105 1703 1281 1742 custode
1313 1716 1420 1755 opus
1453 1708 1536 1750 est,
1580 1708 1623 1741 ut
1656 1702 1814 1741 bonum
1847 1703 1925 1741 sit?

292 1774 419 1812 uirtus
464 1779 604 1812 autem
631 1773 867 1826 ¹quomodo
907 1772 1167 1825 uoluptatem
1213 1779 1352 1824 reget,
1405 1786 1532 1825 quam
1575 1773 1779 1825 sequitur,
1832 1786 1926 1812 cum

251 1882 254 1885 Α
291 1844 407 1895 sequi
438 1844 620 1897 parentis
653 1844 715 1892 sit,
749 1857 895 1896 regere
928 1844 1194 1896 imperantis?
1228 1858 1252 1883 a
1283 1843 1404 1895 te'rgo
1437 1845 1558 1896 ponis
1580 1844 1696 1895 quod
1722 1844 1925 1896 imperat?

296 1916 512 1966 egregium
556 1920 695 1954 autem
738 1914 867 1955 habet
910 1915 1038 1954 uirtus
1071 1914 1181 1967 apud
1214 1928 1290 1954 uos
1323 1913 1505 1954 officium
1538 1914 1776 1967 uoluptates
1808 1927 1924 1966 prae-

291 1991 470 2037 gustare.
534 1986 609 2024 sed
642 1985 887 2033 uidebimus,
924 1999 976 2024 an
1009 1987 1120 2038 apud
1153 1999 1261 2037 quos
1293 1991 1380 2024 tam
1414 1984 1718 2025 contumeliose
1748 1991 1958 2025 tractata:

291 2056 419 2095 uirtus
452 2062 527 2104 est,
559 2055 696 2095 adhuc
729 2056 855 2095 uirtus
887 2056 956 2103 sit,
990 2069 1097 2109 quae
1129 2055 1285 2096 habere
1317 2069 1473 2095 nomen
1505 2069 1625 2095 suum
1657 2069 1741 2095 non
1772 2061 1926 2109 potest,

292 2127 324 2165 si
356 2126 451 2165 loco
485 2128 630 2166 cessit:
668 2127 853 2175 interim,
897 2128 950 2166 de
982 2140 1067 2179 quo
1100 2127 1256 2179 agitur,
1291 2127 1445 2166 multos
1479 2127 1701 2166 ostendam
1734 2126 1923 2180 uolupta-

292 2198 402 2236 tibus
444 2197 660 2244 obsessos,
704 2197 743 2236 in
782 2210 888 2249 quos
933 2196 1097 2236 fortuna
1129 2198 1271 2238 onmia
1303 2210 1474 2236 munera
1505 2210 1580 2236 sua
1612 2196 1778 2245 effudit,
1809 2211 1926 2250 ¹quos

239 2280 253 2303 π
292 2267 455 2307 fatearis
507 2281 677 2307 necesse
731 2273 794 2307 est
848 2267 1006 2307 malos:
1065 2268 1234 2321 adspice
1278 2268 1592 2307 Nomentanum
1637 2274 1677 2307 et
1715 2267 1923 2320 Apicium,

296 2432 310 2463 1
341 2443 441 2473 praua
467 2433 523 2462 sed
550 2432 649 2462 multa
677 2430 754 2465 cod.
782 2442 883 2473 praua
909 2433 971 2463 sibi
998 2432 1098 2462 multa
1128 2430 1267 2467 H(mse;
1297 2442 1399 2473 praua
1426 2442 1444 2462 a
1470 2442 1502 2463 se
1522 2431 1621 2462 multa
1644 2429 1770 2468 Gerlz;
1800 2441 1925 2464 uerum

293 2489 449 2523 nondum
469 2490 650 2523 inuenlum
670 2494 721 2523 esc
843 2492 1049 2523 estimatione
1162 2490 1182 2523 5
1215 2491 1527 2532 dissoluti01wmq3÷e
1651 2489 1669 2523 ’ἶ
1689 2501 1767 2531 quas
1786 2488 1897 2534 Ncap
1915 2503 1921 2522 :

293 2550 383 2591 quasi
505 2550 614 2589 magni
643 2550 752 2591 pendit
781 2554 832 2580 aut
859 2550 966 2591 utique
992 2551 1091 2580 etiam
1119 2550 1258 2580 admittit
1278 2547 1441 2595 Madm'q,
1469 2559 1561 2593 quae
1583 2559 1715 2594 parum
1743 2548 1922 2593 intelleqffl

295 2608 412 2642 uerbis
444 2610 550 2649 utique
585 2609 668 2639 enim
697 2610 836 2640 admittit
863 2608 1099 2653 sz]q712's2'c(1l1c7*,
1135 2619 1176 2642 eo
1202 2607 1301 2653 quod
1326 2607 1490 2641 admittat
1518 2607 1741 2653 uoluptates,
1774 2607 1928 2653 probari

293 2667 376 2700 illas
402 2679 424 2701 (ι
451 2678 489 2701 se
514 2677 601 2701 sam?
628 2667 793 2701 uirlulem
821 2666 994 2708 indicare,
1022 2668 1145 2711 massm'
1166 2666 1287 2713 pendi,
1314 2678 1384 2701 mm
1412 2667 1493 2701 ilem
1624 2667 1658 2700 Ιῖ)
1686 2672 1762 2700 est*
1790 2669 1923 2700 nedum

419 2726 456 2760 19
484 2738 500 2757 a
528 2733 592 2757 tam
622 2728 710 2757 molli
731 2725 916 2761 Muretus:
947 2739 987 2758 an
1017 2728 1104 2758 molli
1227 2728 1348 2769 quit-qd
1470 2726 1514 2760 22
1542 2728 1675 2759 custode
1702 2725 1920 2760 deteriores:

295 2787 459 2817 custodem
590 2785 633 2818 ⁴35»
669 2790 701 2818 el
737 2786 781 2819 ‘2ss
817 2787 903 2828 apud
941 2787 974 2825 ((1
1009 2796 1058 2819 esc
1093 2793 1100 2816 t
1139 2788 1249 2829 corr.)
1383 2786 1428 2820 JlO
1462 2790 1692 2817 nomentanum
1729 2790 1757 2817 et
1793 2786 1922 2827 apicum

296 2850 438 2886 mianum
466 2845 499 2878 iu
529 2847 614 2884 ras.)
738 2846 889 2885 Apicium
919 2844 1118 2879 deleriores

1953 1564 1973 1597 ΓΟ
