1977 3231
398 140 502 166 DIAL.
524 140 561 167 X.
600 141 654 165 AD
676 139 873 167 PAVLINVM
896 141 948 166 DE
970 140 1193 166 BREVITATE
1212 140 1342 166 VITAE.
1380 141 1423 166 20.
1635 143 1716 181 245

100 251 225 290 quem
267 236 512 289 accipiendis
554 237 843 276 inmorientem
889 237 1113 276 rationibus
1157 236 1225 276 diu
1267 241 1422 275 tractus
1464 235 1547 275 risit
1589 235 1719 274 heres.

53 320 72 352 3
100 307 324 360 praeterire
364 308 478 360 quod
517 307 613 346 mihi
645 308 822 348 occurrit
854 307 1096 361 exemplum
1130 321 1213 347 non
1245 320 1441 359 possum:
1489 305 1720 345 Turannius

100 377 173 416 fuit
205 383 381 417 exactae
415 377 650 430 diligentiae
682 391 824 426 senex,
857 379 923 431 qui
956 384 1052 430 post
1081 391 1233 416 annum
1262 377 1591 429 nonagesimum,
1625 389 1719 415 cum

101 461 176 487 uae
191 448 360 499 itionem
398 449 700 500 procurationis
733 449 786 488 ab
820 448 865 488 C.
900 447 1078 497 Caesare
1110 447 1217 487 ultro
1250 448 1498 499 accepisset,
1542 447 1720 498 conponi

99 532 144 557 se
176 518 215 557 in
247 517 356 557 lecto
390 524 431 556 et
464 518 575 558 uelut
607 519 845 558 exanimem
879 532 902 557 a
935 519 1228 557 circumstante
1260 516 1411 556 familia
1433 516 1571 569 plangi
1594 517 1719 557 iussit.
1741 528 1755 552 5

99 588 269 640 lugebat
303 589 454 627 domus
487 589 618 628 otium
651 589 810 628 domini
842 588 950 628 senis
982 601 1058 627 nec
1079 587 1208 627 finiuit
1230 593 1325 626 ante
1348 587 1565 635 tristitiam,
1594 600 1719 639 quam

98 659 217 699 labor
269 658 323 698 illi
374 673 469 698 suus
521 661 732 699 restitutus
785 665 858 700 est.
921 659 1083 698 adeone
1135 659 1247 697 iuuat
1296 663 1545 708 occupatum
1590 658 1720 697 mori?

52 739 70 772 4
100 731 210 770 idem
261 730 466 781 plerisque
508 730 668 769 animus
711 735 796 769 est:
850 729 1000 768 diutius
1043 729 1245 781 cupiditas
1286 728 1360 767 illis
1402 727 1554 766 laboris
1595 742 1720 780 quam

99 800 271 840 facultas
303 806 376 839 est.
420 813 513 839 cum
545 799 810 839 inbecillitate
843 799 1028 850 corporis
1060 804 1258 851 pugnant.
1302 803 1557 837 senectutem
1589 798 1720 850 ipsam

99 870 211 910 nullo
244 870 323 910 alio
356 870 525 909 nomine
557 883 728 921 grauem
761 870 952 917 iudicant,
986 883 1112 922 quam
1145 869 1260 921 quod
1294 867 1384 907 illos
1415 869 1588 920 seponit.
1651 867 1721 908 lex
1745 879 1774 902 10

99 956 123 982 a
153 941 498 994 quinquagesimo
531 954 640 979 anno
673 940 844 979 militem
878 954 962 979 non
994 940 1104 992 legit,
1138 953 1161 979 a
1193 939 1460 990 sexagesimo
1483 943 1720 978 senatorem

99 1025 183 1051 non
225 1012 347 1051 citat:
395 1009 594 1050 difficilius
636 1010 826 1050 homines
859 1024 882 1050 a
914 1024 959 1050 se
991 1011 1121 1050 otium
1164 1010 1372 1061 inpetrant
1403 1022 1529 1065 quam
1563 1022 1586 1047 a
1618 1008 1721 1060 lege.

53 1091 72 1121 ,ἢ
98 1083 259 1122 interim
284 1082 382 1121 dum
406 1082 687 1133 rapiuntur-et
709 1081 883 1133 rapiunt,
915 1081 1013 1120 dum
1039 1080 1142 1119 alter
1164 1080 1329 1119 alterius
1351 1080 1534 1132 quietem
1558 1079 1722 1130 rumpit,

101 1154 200 1192 dum
233 1158 380 1192 mutuo
413 1152 550 1191 miseri
581 1157 699 1199 sunt,
732 1152 817 1191 uita
849 1157 911 1190 est
943 1151 1029 1190 sine
1061 1150 1215 1198 fructu,
1248 1151 1335 1189 sine
1368 1149 1603 1201 uoluptate,
1636 1148 1722 1187 sine

100 1223 182 1262 ullo
214 1211 403 1276 profectu
435 1223 583 1262 animi:
620 1235 746 1262 nemo
778 1224 819 1262 in
853 1222 1079 1274 conspicuo
1113 1227 1293 1260 mortem
1316 1220 1455 1267 habet,
1489 1232 1615 1258 nemo
1638 1232 1722 1257 non
1747 1230 1774 1255 ¹5

98 1293 242 1347 procul
290 1307 386 1346 spes
433 1293 618 1333 intendit.
682 1293 851 1345 quidam
900 1306 1000 1332 uero
1045 1293 1270 1345 disponunt
1313 1291 1437 1330 etiam
1480 1289 1566 1337 illa,
1618 1302 1724 1342 quae

99 1365 205 1404 ultra
249 1365 376 1404 uitam
419 1370 535 1412 sunt,
579 1377 752 1416 magnas
796 1363 929 1403 moles
971 1362 1255 1416 sepulcrorum
1299 1367 1340 1401 et
1383 1374 1557 1413 operum
1589 1360 1721 1413 publi-

99 1449 243 1475 corum
287 1435 569 1475 dedicationes
612 1441 654 1474 et
686 1435 739 1474 ad
772 1447 923 1486 rogum
957 1447 1130 1473 munera
1163 1439 1203 1472 et
1236 1432 1480 1472 ambitiosas
1512 1431 1722 1483 exequias.

100 1512 141 1545 at
183 1520 251 1546 me
292 1505 479 1545 hercules
520 1505 694 1545 istorum
724 1503 890 1553 funera,
932 1510 1148 1557 tamquam
1182 1504 1396 1543 minimum
1430 1502 1627 1549 uixerint,
1669 1501 1723 1540 ad

97 1576 207 1616 faces
241 1582 283 1616 et
315 1590 459 1616 cereos
491 1576 684 1616 ducenda
716 1581 821 1615 sunt.
1740 1582 1774 1606 ‘20

220 1752 233 1784 l
262 1752 499 1782 immorientem
527 1749 632 1785 cletta
662 1751 852 1794 inmoriente
973 1750 994 1782 2
1028 1750 1180 1791 preterire
1300 1749 1479 1781 Turannius
1506 1745 1720 1780 Pincianus:

97 1812 276 1852 styrannius
301 1809 426 1854 (prior
451 1821 465 1841 S
485 1809 570 1851 fere
596 1808 725 1851 deleta)
859 1809 880 1842 4
907 1810 1062 1851 componi
1202 1808 1239 1841 ll
1269 1809 1408 1850 quinqua
1424 1808 1579 1849 *gesimo

97 1871 176 1912 legit
206 1868 450 1914 Bouqarsius:
483 1869 581 1910 “tegit
616 1868 662 1909 (e'n
690 1879 802 1913 marq.
831 1880 874 1902 m.
901 1878 970 1902 rec.
1003 1868 1067 1898 “ali
1093 1867 1195 1909 cogit)
1346 1866 1385 1899 14
1421 1867 1486 1897 uita
1513 1870 1531 1899 e
1559 1866 1606 1907 (in
1635 1863 1721 1906 νας.)

220 1928 260 1962 17
286 1929 460 1970 puplieorsi
585 1926 626 1961 18
652 1934 682 1959 at
710 1927 758 1970 (in
786 1926 875 1970 ras.)
