1977 3231
93 750 112 782 ³0

424 147 525 174 DIAL.
542 147 607 174 XII.
646 147 700 173 AD
722 147 921 173 POLYHIVM
945 148 994 173 DE
1015 146 1335 173 CONSOLATIONE.
1378 147 1415 173 12.
1436 148 1475 173 ¹3.
1673 150 1754 190 285

139 258 264 298 quam
307 257 588 286 successorem
632 244 842 296 adspiciat.
914 258 1005 284 sera
1047 250 1089 284 et
1129 243 1352 295 nepotibus
1395 243 1564 282 demum
1607 244 1759 282 nostris

140 316 227 355 dies
259 321 359 354 nota
390 316 452 362 sit,
485 329 567 366 qua
597 315 708 353 illum
741 328 843 366 gens
875 329 950 354 sua
981 314 1096 354 caelo
1130 315 1305 354 adserat.

257 385 366 424 XIII.
429 383 519 439 232]
565 385 745 424 Abstine
777 385 830 423 ab
863 385 944 424 hoc
976 399 1121 424 manus
1153 390 1255 432 tuas,
1294 383 1468 432 fortuna,
1502 397 1577 423 nec
1609 384 1648 423 in
1680 384 1759 423 isto

139 456 370 507 potentiam
403 461 517 494 tuam
551 456 623 494 nisi
657 469 705 494 ea
727 461 856 507 parte,
888 469 969 507 qua
991 456 1155 507 prodes,
1189 456 1429 494 ostenderis.
1482 460 1625 507 patere
1646 454 1758 494 illum

139 526 279 578 generi
312 525 494 565 humano
527 527 608 565 iam
642 526 710 564 diu
743 539 870 576 aegro
903 532 945 565 et
973 525 1139 565 adfecto
1164 526 1330 564 mederi.
1383 530 1537 576 patere,
1560 526 1759 577 quidquid
1781 539 1795 560 .··.

139 597 283 648 prioris
335 596 525 648 principis
576 595 689 635 furor
740 597 966 643 concussit,
1019 597 1058 634 in
1109 609 1227 634 suum
1278 595 1416 634 locum
1460 596 1672 635 restituere
1714 610 1761 635 ac

140 680 354 718 reponere.
415 667 526 706 sidus
559 665 651 713 hoc,
683 667 797 717 quod
830 666 1103 717 praecipitato
1136 666 1174 703 in
1206 665 1459 716 profundum
1493 672 1533 704 et
1566 667 1760 705 demerso

139 738 176 776 in
220 737 414 776 tenebras
456 736 547 775 orbi
592 736 766 783 refulsit,
810 750 976 788 semper
1017 736 1162 775 luceat.
1224 735 1290 774 hic
1322 735 1588 775 Germaniam
1627 742 1760 788 pacet,

138 808 389 847 Britanniam
423 809 590 859 aperiat,
624 813 665 846 et
697 808 852 858 patrios
885 806 1117 858 triumphos
1151 807 1275 845 ducat
1307 812 1348 845 et
1380 819 1524 845 nouos.
1583 821 1760 858 quorum

140 892 206 917 me
239 892 405 930 quoque
437 884 719 929 spectatorem
753 877 956 924 futurum,
989 891 1096 928 quae
1129 891 1183 915 ex
1217 876 1434 915 uirtutibus
1467 877 1550 915 eius
1582 878 1759 928 primum

140 949 300 988 obtinet
333 948 490 996 locum,
534 949 741 1000 promittit
775 948 1003 987 clementia.
1067 961 1141 986 nec
1175 947 1283 986 enim
1316 947 1373 986 sic
1405 960 1472 986 me
1505 947 1674 995 deiecit,
1717 954 1761 986 ut

139 1019 267 1058 nollet
309 1020 487 1071 erigere,
530 1021 661 1058 immo
701 1032 751 1058 110
785 1019 932 1058 deiecit
965 1019 1153 1070 quidem,
1197 1018 1271 1056 sed
1304 1017 1510 1069 inpulsum
1543 1031 1566 1056 a
1597 1017 1761 1058 fortuna

139 1095 179 1129 et
213 1091 433 1129 cadentem
466 1091 656 1129 sustinuit
690 1096 730 1129 et
762 1090 799 1128 111
832 1102 1032 1141 praeceps
1065 1095 1231 1128 euntem
1262 1088 1409 1127 leniter
1431 1089 1592 1127 diuinae
1615 1102 1761 1127 manus

139 1175 234 1200 usus
277 1161 565 1200 moderatione
609 1161 812 1212 deposuit.
876 1161 1122 1211 deprecatus
1164 1165 1227 1198 est
1270 1172 1346 1210 pro
1389 1172 1455 1197 me
1498 1165 1686 1197 senatum
1720 1164 1761 1198 et

139 1233 266 1270 uitam
301 1230 399 1270 mihi
430 1245 514 1269 non
546 1237 708 1270 tantum
743 1231 858 1269 dedit
901 1231 976 1269 sed
1018 1232 1142 1269 etiam
1185 1230 1314 1281 petiit.
1376 1229 1549 1268 uiderit:
1596 1230 1760 1280 qualem

140 1301 253 1341 uolet
295 1315 385 1341 esse
427 1303 638 1340 existimet
672 1315 839 1340 causam
873 1314 1036 1340 meam:
1084 1300 1148 1339 uel
1181 1300 1333 1339 iustitia
1365 1301 1450 1339 eius
1481 1299 1637 1339 bonam
1670 1314 1760 1352 per-

139 1373 283 1424 spiciat
323 1372 386 1411 uel
420 1372 639 1411 clementia
672 1371 791 1411 faciat
824 1372 1006 1410 bonam:
1053 1377 1274 1422 utrumque
1307 1372 1346 1409 in
1379 1383 1513 1421 aequo
1546 1370 1644 1409 mihi
1678 1372 1763 1409 eius

138 1443 387 1482 beneficium
430 1444 525 1490 erit,
569 1444 654 1481 siue
697 1444 961 1481 innocentem
1005 1455 1073 1480 me
1115 1442 1251 1480 scierit
1293 1454 1404 1488 esse,
1448 1441 1534 1479 siue
1576 1440 1763 1493 uoluerit.

139 1514 301 1553 interim
345 1525 545 1563 magnum
588 1514 844 1552 miseriarum
889 1526 1073 1551 mearum
1107 1511 1306 1551 solacium
1341 1517 1403 1550 est
1436 1511 1576 1550 uidere
1608 1512 1762 1550 miseri-

140 1585 325 1623 cordiam
359 1584 445 1623 eius
476 1589 613 1622 totum
647 1584 794 1622 orbem
829 1588 1155 1634 peruagantem:
1202 1596 1308 1633 quae
1339 1595 1432 1621 cum
1457 1595 1511 1620 ex
1533 1583 1624 1633 ipso
1650 1579 1760 1635 [hoc]

140 1655 302 1707 angulo,
337 1655 374 1693 in
408 1668 491 1706 quo
525 1668 606 1706 ego
638 1653 800 1693 defixus
828 1667 932 1701 sum,
966 1653 1184 1705 conplures
1208 1652 1434 1691 multorum
1458 1653 1539 1691 iam
1561 1665 1763 1690 annorum

140 1726 255 1765 ruina
296 1725 470 1765 obrutos
502 1724 694 1764 effoderit
728 1731 768 1764 et
800 1725 840 1763 in
872 1724 1007 1763 lucem
1041 1725 1274 1771 reduxerit,
1318 1737 1400 1762 non
1435 1736 1582 1761 uereor
1614 1736 1664 1761 ne
1698 1736 1764 1760 me

140 1810 265 1835 unum
309 1801 538 1848 transeat..
578 1797 666 1847 ipse
708 1801 850 1834 autem
894 1797 1052 1846 optime
1097 1795 1212 1833 nouit
1254 1800 1455 1845 tempuS,.
1494 1806 1576 1844 quo
1619 1793 1764 1844 cuique

140 1867 294 1906 debeat
335 1880 598 1906 succurrere:
644 1879 725 1918 ego
768 1879 938 1905 ornnem
982 1879 1152 1917 operam
1197 1864 1330 1911 dabo,
1374 1878 1424 1902 ne
1467 1864 1679 1915 peruenire
1711 1864 1764 1902 ad

141 1951 208 1977 me
251 1938 468 1976 erubescat
542 1951 566 1976 0
602 1937 761 1976 felicem
795 1936 1058 1975 clementiam
1091 1942 1228 1983 tuam,
1274 1934 1447 1982 Caesar,
1491 1947 1597 1986 quae
1629 1932 1764 1980 efficit,
1803 1947 1816 1965 ‘-

140 2015 184 2048 ut
225 2009 470 2061 quietiorem
514 2007 590 2046 sub
624 2014 665 2047 te
697 2013 825 2059 agant
858 2009 987 2046 uitam
1020 2006 1185 2054 exules,
1229 2019 1354 2057 quam
1388 2018 1517 2057 nuper
1549 2004 1625 2042 sub
1659 2004 1764 2042 Gaio

140 2093 263 2131 egere
305 2079 535 2130 principes:
583 2091 666 2116 non
709 2078 921 2129 trepidant
966 2090 1041 2116 nec
1087 2090 1161 2128 per
1203 2075 1384 2128 singulas
1422 2075 1546 2114 horas
1579 2074 1763 2126 gladium

140 2155 367 2203 expectant
415 2162 492 2188 nec
534 2149 587 2188 ad
632 2161 802 2187 omnem
846 2148 1013 2186 nauium
1056 2152 1325 2198 conspectum
1371 2152 1535 2197 pauent.
1608 2159 1681 2197 per
1723 2151 1766 2184 te

147 2280 156 2311 1
181 2280 317 2319 aspiciat
334 2277 362 2311 Β
380 2278 518 2319 accipiat
532 2275 600 2310 DE
710 2277 840 2308 demum
862 2275 969 2319 cml-(so
988 2276 1106 2307 deinde
1121 2273 1223 2308 BDE
1316 2277 1335 2308 2
1355 2286 1417 2316 qua
1432 2273 1539 2318 nul-(so
1557 2285 1652 2315 quam
1669 2272 1771 2307 BDE

259 2338 369 2368 afferat
393 2334 460 2370 DE
576 2335 592 2367 4
623 2337 682 2366 nisi
701 2347 738 2366 ex
756 2339 869 2376 aperto
888 2346 949 2376 qua
968 2334 1004 2367 E
1121 2338 1245 2375 partem
1265 2334 1355 2364 illum
1377 2332 1408 2366 B
1504 2332 1523 2363 5
1542 2333 1682 2373 quisquis
1704 2330 1771 2365 DE

260 2396 280 2425 S
308 2402 402 2438 pacet
428 2394 484 2428 Ε2
510 2396 616 2436 placet
647 2393 751 2428 BDE
869 2396 888 2425 tl
916 2395 1063 2435 apperiat
1084 2393 1115 2427 Β
1236 2397 1265 2424 et
1291 2397 1380 2434 pater
1404 2391 1433 2425 Β
1556 2391 1597 2424 10
1623 2403 1704 2432 quae
1730 2402 1766 2422 cx

142 2456 309 2487 uirtutibus
336 2456 401 2486 eius
427 2455 566 2496 primum
594 2458 721 2495 oportet
740 2454 878 2493 (obtinet
897 2451 1078 2493 Marcius)
1107 2453 1213 2483 locum
1234 2451 1267 2485 B
1294 2463 1330 2483 ex
1356 2452 1523 2498 uirtutibus
1542 2452 1608 2481 eius
1627 2451 1764 2491 primum

143 2518 269 2556 oportet
288 2512 395 2556 (03D)
415 2514 522 2544 locum
543 2514 623 2544 mihi
646 2511 713 2546 DE
827 2512 865 2544 ll
886 2516 918 2543 ut
936 2512 1030 2544 uellet
1049 2510 1084 2544 E
1185 2511 1220 2544 13
1240 2511 1351 2542 leuiter
1374 2508 1440 2543 DE
1544 2509 1582 2541 II)
1602 2510 1679 2550 petit
1703 2507 1768 2541 BE

237 2572 473 2618 interpunctio
492 2576 578 2616 post
603 2573 717 2603 uiderit
737 2570 886 2605 debetur
907 2569 1050 2604 θεν-ἰείη
1171 2569 1206 2603 16
1234 2570 1391 2601 existimet
1415 2568 1444 2602 B
1470 2576 1497 2599 et
1526 2569 1681 2599 existimet
1703 2566 1770 2600 DE

238 2633 354 2663 iustitie
375 2631 406 2665 B
537 2632 715 2673 prospiciat
734 2629 804 2664 DE
946 2629 981 2662 17
1009 2631 1040 2660 111
1067 2630 1132 2660 eius
1150 2627 1182 2662 D
1323 2626 1359 2660 18
1386 2639 1437 2658 me
1462 2628 1590 2658 sciuerit
1616 2627 1682 2657 siue
1702 2624 1769 2658 DE

238 2691 282 2724 20
313 2702 395 2732 quae
421 2702 493 2722 cum
520 2689 557 2723 E
586 2701 679 2732 quem
707 2701 779 2721 011111
810 2688 839 2722 D
877 2700 949 2720 011111
978 2687 1010 2721 Β
1171 2698 1207 2718 ex
1242 2688 1312 2728 ipso
1339 2687 1456 2727 angelo
1486 2685 1516 2718 B
1542 2697 1579 2717 ex
1605 2687 1675 2726 ipso
1702 2685 1765 2715 1100

144 2751 262 2792 angulo
294 2748 362 2783 DE
479 2749 521 2782 253
549 2761 612 2791 quo
639 2751 753 2789 cuique
780 2747 887 2792 unlqo
912 2758 1115 2789 quocumque
1146 2744 1247 2780 BDE
1365 2745 1408 2777 25
1442 2745 1537 2776 eflicit
1561 2743 1627 2777 DE
1651 2742 1764 2787 Nz’ap,

143 2811 247 2841 effecit
270 2808 300 2842 Β
403 2808 447 2842 27
465 2809 614 2850 princeps
635 2806 668 2841 E
771 2807 910 2848 trepidat
928 2805 964 2839 E
1074 2817 1154 2836 1111110
1178 2805 1340 2846 psingulas
1362 2802 1392 2836 R
1505 2802 1549 2835 ‘28
1569 2806 1713 2843 expectat
1736 2800 1769 2834 Ε

239 2873 332 2910 pauet
359 2871 482 2909 partein
508 2868 606 2899 habet
634 2872 663 2897 111
695 2865 726 2899 Ε

1785 891 1813 914 ll)

1785 1242 1814 1266 15

1783 1594 1816 1617 20
