<?xml version="1.0" encoding="UTF-8"?>
<!DOCTYPE html PUBLIC "-//W3C//DTD XHTML 1.0 Transitional//EN"
    "http://www.w3.org/TR/xhtml1/DTD/xhtml1-transitional.dtd">
<html xmlns="http://www.w3.org/1999/xhtml" xml:lang="en" lang="en">
 <head>
  <title>
</title>
<meta http-equiv="Content-Type" content="text/html;charset=utf-8" />
  <meta name='ocr-system' content='tesseract 3.04.00' />
  <meta name='ocr-capabilities' content='ocr_page ocr_carea ocr_par ocr_line ocrx_word'/>
</head>
<body>
  <div class='ocr_page' id='page_1' title='image "./dialogorumlibrid00seneuoft_0158.png"; bbox 0 0 2008 3221; ppageno 0'>
   <div class='ocr_carea' id='block_1_1' title="bbox 231 1752 260 1776">
    <p class='ocr_par' dir='ltr' id='par_1_1' title="bbox 231 1752 260 1776">
     <span class='ocr_line' id='line_1_1' title="bbox 231 1752 260 1776; baseline 0 -3"><span class='ocrx_word' id='word_1_1' title='bbox 231 1752 260 1776; x_wconf 78' lang='lat'><strong>11·</strong></span> 
     </span>
    </p>
   </div>
   <div class='ocr_carea' id='block_1_2' title="bbox 579 575 1618 738">
    <p class='ocr_par' dir='ltr' id='par_1_2' title="bbox 579 575 1618 738">
     <span class='ocr_line' id='line_1_2' title="bbox 837 575 1357 618; baseline 0.002 -1"><span class='ocrx_word' id='word_1_2' title='bbox 837 575 875 617; x_wconf 84' lang='lat' dir='ltr'><strong>L.</strong></span> <span class='ocrx_word' id='word_1_3' title='bbox 918 575 1105 618; x_wconf 84' lang='lat' dir='ltr'>ANNAEI</span> <span class='ocrx_word' id='word_1_4' title='bbox 1139 576 1357 618; x_wconf 75' lang='lat' dir='ltr'>SENECAE</span> 
     </span>
     <span class='ocr_line' id='line_1_3' title="bbox 579 674 1618 738; baseline 0.003 -4"><span class='ocrx_word' id='word_1_5' title='bbox 579 674 1163 737; x_wconf 83' lang='lat' dir='ltr'><strong>DIALOGORVM</strong></span> <span class='ocrx_word' id='word_1_6' title='bbox 1212 675 1471 736; x_wconf 82' lang='lat' dir='ltr'>LIBER</span> <span class='ocrx_word' id='word_1_7' title='bbox 1518 675 1618 738; x_wconf 94' lang='lat' dir='ltr'><strong>VI.</strong></span> 
     </span>
    </p>
   </div>
   <div class='ocr_carea' id='block_1_3' title="bbox 946 814 1250 845">
    <p class='ocr_par' dir='ltr' id='par_1_3' title="bbox 946 814 1250 845">
     <span class='ocr_line' id='line_1_4' title="bbox 946 814 1250 845; baseline -0.003 0"><span class='ocrx_word' id='word_1_8' title='bbox 946 815 1008 845; x_wconf 80' lang='lat' dir='ltr'><strong>AD</strong></span> <span class='ocrx_word' id='word_1_9' title='bbox 1037 814 1250 845; x_wconf 84' lang='lat' dir='ltr'><strong>MARCIAM</strong></span> 
     </span>
    </p>
   </div>
   <div class='ocr_carea' id='block_1_4' title="bbox 896 905 1301 942">
    <p class='ocr_par' dir='ltr' id='par_1_4' title="bbox 896 905 1301 942">
     <span class='ocr_line' id='line_1_5' title="bbox 896 905 1301 942; baseline 0.002 -1"><span class='ocrx_word' id='word_1_10' title='bbox 896 907 948 941; x_wconf 85' lang='lat' dir='ltr'><strong>DE</strong></span> <span class='ocrx_word' id='word_1_11' title='bbox 976 905 1301 942; x_wconf 84' lang='lat' dir='ltr'>OONSOLA&#39;PIONE.</span> 
     </span>
    </p>
   </div>
   <div class='ocr_carea' id='block_1_5' title="bbox 280 1079 1958 2074">
    <p class='ocr_par' dir='ltr' id='par_1_5' title="bbox 280 1079 1958 2074">
     <span class='ocr_line' id='line_1_6' title="bbox 400 1079 1955 1151; baseline 0.001 -12"><span class='ocrx_word' id='word_1_12' title='bbox 400 1100 426 1139; x_wconf 94' lang='grc' dir='ltr'><strong>Ι.</strong></span> <span class='ocrx_word' id='word_1_13' title='bbox 473 1079 566 1139; x_wconf 77' lang='lat' dir='ltr'><strong>Nisi</strong></span> <span class='ocrx_word' id='word_1_14' title='bbox 599 1106 653 1147; x_wconf 89' lang='lat' dir='ltr'><strong>te,</strong></span> <span class='ocrx_word' id='word_1_15' title='bbox 687 1099 853 1147; x_wconf 81' lang='lat' dir='ltr'><strong>Marcia,</strong></span> <span class='ocrx_word' id='word_1_16' title='bbox 887 1099 1034 1138; x_wconf 88' lang='lat' dir='ltr'><strong>scirem</strong></span> <span class='ocrx_word' id='word_1_17' title='bbox 1068 1105 1155 1138; x_wconf 89' lang='lat' dir='ltr'><strong>tam</strong></span> <span class='ocrx_word' id='word_1_18' title='bbox 1189 1099 1315 1151; x_wconf 81' lang='lat' dir='ltr'><strong>longe</strong></span> <span class='ocrx_word' id='word_1_19' title='bbox 1346 1099 1401 1138; x_wconf 91' lang='lat' dir='ltr'><strong>ab</strong></span> <span class='ocrx_word' id='word_1_20' title='bbox 1434 1099 1672 1139; x_wconf 82' lang='lat' dir='ltr'><strong>infirmitate</strong></span> <span class='ocrx_word' id='word_1_21' title='bbox 1704 1099 1914 1139; x_wconf 88' lang='lat' dir='ltr'><strong>muliebris</strong></span> <span class='ocrx_word' id='word_1_22' title='bbox 1948 1109 1955 1141; x_wconf 84' lang='lat' dir='ltr'><strong>l</strong></span> 
     </span>
     <span class='ocr_line' id='line_1_7' title="bbox 281 1170 1916 1223; baseline 0 -13"><span class='ocrx_word' id='word_1_23' title='bbox 281 1171 403 1211; x_wconf 89' lang='lat' dir='ltr'><strong>animi</strong></span> <span class='ocrx_word' id='word_1_24' title='bbox 443 1185 569 1223; x_wconf 89' lang='lat' dir='ltr'><strong>quam</strong></span> <span class='ocrx_word' id='word_1_25' title='bbox 604 1185 627 1210; x_wconf 89' lang='lat' dir='ltr'><strong>a</strong></span> <span class='ocrx_word' id='word_1_26' title='bbox 660 1171 806 1210; x_wconf 88' lang='lat' dir='ltr'><strong>ceteris</strong></span> <span class='ocrx_word' id='word_1_27' title='bbox 841 1171 944 1210; x_wconf 84' lang='lat' dir='ltr'><strong>uitiis</strong></span> <span class='ocrx_word' id='word_1_28' title='bbox 978 1171 1196 1210; x_wconf 76' lang='lat' dir='ltr'><strong>recessisse</strong></span> <span class='ocrx_word' id='word_1_29' title='bbox 1229 1176 1269 1209; x_wconf 88' lang='lat' dir='ltr'><strong>et</strong></span> <span class='ocrx_word' id='word_1_30' title='bbox 1303 1183 1442 1209; x_wconf 88' lang='lat' dir='ltr'><strong>mores</strong></span> <span class='ocrx_word' id='word_1_31' title='bbox 1475 1176 1569 1209; x_wconf 86' lang='lat' dir='ltr'><strong>tuos</strong></span> <span class='ocrx_word' id='word_1_32' title='bbox 1603 1170 1715 1210; x_wconf 90' lang='lat' dir='ltr'><strong>uelut</strong></span> <span class='ocrx_word' id='word_1_33' title='bbox 1747 1170 1916 1223; x_wconf 78' lang='lat' dir='ltr'>aliquod</span> 
     </span>
     <span class='ocr_line' id='line_1_8' title="bbox 280 1240 1917 1295; baseline -0.001 -13"><span class='ocrx_word' id='word_1_34' title='bbox 280 1243 495 1295; x_wconf 87' lang='lat' dir='ltr'><strong>antiquum</strong></span> <span class='ocrx_word' id='word_1_35' title='bbox 540 1241 758 1294; x_wconf 82' lang='lat' dir='ltr'><strong>exemplar</strong></span> <span class='ocrx_word' id='word_1_36' title='bbox 800 1242 978 1293; x_wconf 84' lang='lat' dir='ltr'><strong>adspici,</strong></span> <span class='ocrx_word' id='word_1_37' title='bbox 1023 1254 1107 1280; x_wconf 91' lang='lat' dir='ltr'><strong>non</strong></span> <span class='ocrx_word' id='word_1_38' title='bbox 1140 1242 1339 1280; x_wconf 78' lang='lat' dir='ltr'><strong>auderem</strong></span> <span class='ocrx_word' id='word_1_39' title='bbox 1373 1241 1543 1280; x_wconf 90' lang='lat' dir='ltr'><strong>obuiam</strong></span> <span class='ocrx_word' id='word_1_40' title='bbox 1576 1241 1633 1280; x_wconf 86' lang='lat' dir='ltr'><strong>ire</strong></span> <span class='ocrx_word' id='word_1_41' title='bbox 1665 1240 1798 1280; x_wconf 89' lang='lat' dir='ltr'><strong>dolori</strong></span> <span class='ocrx_word' id='word_1_42' title='bbox 1832 1248 1917 1290; x_wconf 84' lang='lat' dir='ltr'><strong>tuo⁷</strong></span> 
     </span>
     <span class='ocr_line' id='line_1_9' title="bbox 280 1311 1915 1366; baseline -0.001 -14"><span class='ocrx_word' id='word_1_43' title='bbox 280 1314 342 1353; x_wconf 86' lang='lat' dir='ltr'><strong>cui</strong></span> <span class='ocrx_word' id='word_1_44' title='bbox 376 1314 447 1353; x_wconf 90' lang='lat' dir='ltr'><strong>uiri</strong></span> <span class='ocrx_word' id='word_1_45' title='bbox 480 1327 649 1366; x_wconf 89' lang='lat' dir='ltr'><strong>quoque</strong></span> <span class='ocrx_word' id='word_1_46' title='bbox 681 1313 857 1352; x_wconf 80' lang='lat' dir='ltr'><strong>libenter</strong></span> <span class='ocrx_word' id='word_1_47' title='bbox 887 1311 1059 1351; x_wconf 80' lang='lat' dir='ltr'><strong>haerent</strong></span> <span class='ocrx_word' id='word_1_48' title='bbox 1085 1318 1125 1351; x_wconf 88' lang='lat' dir='ltr'><strong>et</strong></span> <span class='ocrx_word' id='word_1_49' title='bbox 1149 1312 1363 1359; x_wconf 76' lang='lat' dir='ltr'><strong>incubant;</strong></span> <span class='ocrx_word' id='word_1_50' title='bbox 1389 1325 1464 1351; x_wconf 88' lang='lat' dir='ltr'><strong>nec</strong></span> <span class='ocrx_word' id='word_1_51' title='bbox 1487 1325 1606 1364; x_wconf 85' lang='lat' dir='ltr'><strong>spem</strong></span> <span class='ocrx_word' id='word_1_52' title='bbox 1630 1313 1915 1365; x_wconf 76' lang='lat' dir='ltr'><strong>concepissem</strong></span> 
     </span>
     <span class='ocr_line' id='line_1_10' title="bbox 280 1383 1916 1437; baseline -0.001 -13"><span class='ocrx_word' id='word_1_53' title='bbox 280 1391 368 1424; x_wconf 89' lang='lat' dir='ltr'><strong>tam</strong></span> <span class='ocrx_word' id='word_1_54' title='bbox 411 1385 549 1437; x_wconf 89' lang='lat' dir='ltr'><strong>iniquo</strong></span> <span class='ocrx_word' id='word_1_55' title='bbox 593 1390 806 1436; x_wconf 84' lang='lat' dir='ltr'><strong>tempore,</strong></span> <span class='ocrx_word' id='word_1_56' title='bbox 850 1389 936 1422; x_wconf 90' lang='lat' dir='ltr'><strong>tam</strong></span> <span class='ocrx_word' id='word_1_57' title='bbox 979 1383 1144 1421; x_wconf 89' lang='lat' dir='ltr'><strong>inimico</strong></span> <span class='ocrx_word' id='word_1_58' title='bbox 1188 1383 1342 1430; x_wconf 87' lang='lat' dir='ltr'><strong>iudice,</strong></span> <span class='ocrx_word' id='word_1_59' title='bbox 1385 1389 1471 1421; x_wconf 89' lang='lat' dir='ltr'><strong>tam</strong></span> <span class='ocrx_word' id='word_1_60' title='bbox 1511 1383 1715 1422; x_wconf 86' lang='lat' dir='ltr'><strong>inuidioso</strong></span> <span class='ocrx_word' id='word_1_61' title='bbox 1749 1383 1916 1423; x_wconf 90' lang='lat' dir='ltr'><strong>crimine</strong></span> 
     </span>
     <span class='ocr_line' id='line_1_11' title="bbox 282 1452 1916 1507; baseline -0.002 -12"><span class='ocrx_word' id='word_1_62' title='bbox 282 1469 406 1507; x_wconf 89' lang='lat' dir='ltr'><strong>posse</strong></span> <span class='ocrx_word' id='word_1_63' title='bbox 449 1469 517 1495; x_wconf 89' lang='lat' dir='ltr'><strong>me</strong></span> <span class='ocrx_word' id='word_1_64' title='bbox 560 1454 742 1501; x_wconf 84' lang='lat' dir='ltr'><strong>efficere,</strong></span> <span class='ocrx_word' id='word_1_65' title='bbox 787 1460 830 1492; x_wconf 86' lang='lat' dir='ltr'><strong>ut</strong></span> <span class='ocrx_word' id='word_1_66' title='bbox 874 1453 1084 1493; x_wconf 86' lang='lat' dir='ltr'><strong>fortunam</strong></span> <span class='ocrx_word' id='word_1_67' title='bbox 1128 1460 1242 1493; x_wconf 85' lang='lat' dir='ltr'><strong>tuam</strong></span> <span class='ocrx_word' id='word_1_68' title='bbox 1276 1452 1527 1493; x_wconf 77' lang='lat' dir='ltr'><strong>absoluereS.</strong></span> <span class='ocrx_word' id='word_1_69' title='bbox 1590 1453 1783 1493; x_wconf 83' lang='lat' dir='ltr'><strong>fiduciam</strong></span> <span class='ocrx_word' id='word_1_70' title='bbox 1818 1453 1916 1493; x_wconf 91' lang='lat' dir='ltr'><strong>mihi</strong></span> 
     </span>
     <span class='ocr_line' id='line_1_12' title="bbox 281 1524 1913 1578; baseline -0.001 -12"><span class='ocrx_word' id='word_1_71' title='bbox 281 1527 396 1566; x_wconf 87' lang='lat' dir='ltr'><strong>dedit</strong></span> <span class='ocrx_word' id='word_1_72' title='bbox 435 1526 703 1578; x_wconf 78' lang='lat' dir='ltr'><strong>exploratum</strong></span> <span class='ocrx_word' id='word_1_73' title='bbox 743 1525 824 1564; x_wconf 88' lang='lat' dir='ltr'><strong>iam</strong></span> <span class='ocrx_word' id='word_1_74' title='bbox 858 1524 985 1563; x_wconf 88' lang='lat' dir='ltr'><strong>robur</strong></span> <span class='ocrx_word' id='word_1_75' title='bbox 1018 1524 1141 1563; x_wconf 88' lang='lat' dir='ltr'><strong>animi</strong></span> <span class='ocrx_word' id='word_1_76' title='bbox 1176 1530 1216 1563; x_wconf 92' lang='lat' dir='ltr'><strong>et</strong></span> <span class='ocrx_word' id='word_1_77' title='bbox 1249 1537 1405 1575; x_wconf 83' lang='lat' dir='ltr'><strong>magno</strong></span> <span class='ocrx_word' id='word_1_78' title='bbox 1438 1524 1729 1576; x_wconf 85' lang='lat' dir='ltr'><strong>experimento</strong></span> <span class='ocrx_word' id='word_1_79' title='bbox 1762 1525 1913 1577; x_wconf 88' lang='lat' dir='ltr'><strong>adpro-</strong></span> 
     </span>
     <span class='ocr_line' id='line_1_13' title="bbox 281 1595 1958 1655; baseline 0.001 -19"><span class='ocrx_word' id='word_1_80' title='bbox 281 1597 381 1636; x_wconf 89' lang='lat' dir='ltr'><strong>bata</strong></span> <span class='ocrx_word' id='word_1_81' title='bbox 421 1597 550 1636; x_wconf 89' lang='lat' dir='ltr'><strong>uirtus</strong></span> <span class='ocrx_word' id='word_1_82' title='bbox 595 1603 676 1635; x_wconf 88' lang='lat' dir='ltr'><strong>tua.</strong></span> <span class='ocrx_word' id='word_1_83' title='bbox 739 1610 823 1655; x_wconf 83' lang='lat' dir='ltr'><strong>non</strong></span> <span class='ocrx_word' id='word_1_84' title='bbox 867 1602 930 1635; x_wconf 85' lang='lat' dir='ltr'><strong>est</strong></span> <span class='ocrx_word' id='word_1_85' title='bbox 963 1596 1175 1647; x_wconf 79' lang='lat' dir='ltr'><strong>ignotum,</strong></span> <span class='ocrx_word' id='word_1_86' title='bbox 1221 1595 1387 1647; x_wconf 90' lang='lat' dir='ltr'><strong>qualem</strong></span> <span class='ocrx_word' id='word_1_87' title='bbox 1431 1601 1472 1634; x_wconf 90' lang='lat' dir='ltr'><strong>te</strong></span> <span class='ocrx_word' id='word_1_88' title='bbox 1505 1596 1544 1633; x_wconf 90' lang='lat' dir='ltr'><strong>in</strong></span> <span class='ocrx_word' id='word_1_89' title='bbox 1576 1609 1755 1648; x_wconf 86' lang='lat' dir='ltr'><strong>persona</strong></span> <span class='ocrx_word' id='word_1_90' title='bbox 1787 1596 1914 1648; x_wconf 88' lang='lat' dir='ltr'><strong>patris</strong></span> <span class='ocrx_word' id='word_1_91' title='bbox 1941 1610 1958 1638; x_wconf 75' lang='lat' dir='ltr'><strong>t.</strong></span> 
     </span>
     <span class='ocr_line' id='line_1_14' title="bbox 280 1665 1915 1720; baseline -0.001 -13"><span class='ocrx_word' id='word_1_92' title='bbox 280 1669 337 1708; x_wconf 88' lang='lat' dir='ltr'><strong>tui</strong></span> <span class='ocrx_word' id='word_1_93' title='bbox 377 1668 574 1720; x_wconf 81' lang='lat' dir='ltr'><strong>gesseris,</strong></span> <span class='ocrx_word' id='word_1_94' title='bbox 614 1681 739 1720; x_wconf 87' lang='lat' dir='ltr'><strong>quem</strong></span> <span class='ocrx_word' id='word_1_95' title='bbox 773 1680 857 1706; x_wconf 89' lang='lat' dir='ltr'><strong>non</strong></span> <span class='ocrx_word' id='word_1_96' title='bbox 891 1667 1025 1705; x_wconf 89' lang='lat' dir='ltr'><strong>minus</strong></span> <span class='ocrx_word' id='word_1_97' title='bbox 1058 1679 1183 1718; x_wconf 89' lang='lat' dir='ltr'><strong>quam</strong></span> <span class='ocrx_word' id='word_1_98' title='bbox 1219 1665 1372 1705; x_wconf 86' lang='lat' dir='ltr'><strong>liberos</strong></span> <span class='ocrx_word' id='word_1_99' title='bbox 1406 1665 1606 1714; x_wconf 81' lang='lat' dir='ltr'><strong>dilexisti,</strong></span> <span class='ocrx_word' id='word_1_100' title='bbox 1650 1672 1830 1719; x_wconf 81' lang='lat' dir='ltr'><strong>excepto</strong></span> <span class='ocrx_word' id='word_1_101' title='bbox 1865 1680 1915 1706; x_wconf 87' lang='lat' dir='ltr'><strong>eo</strong></span> 
     </span>
     <span class='ocr_line' id='line_1_15' title="bbox 281 1737 1917 1792; baseline 0 -14"><span class='ocrx_word' id='word_1_102' title='bbox 281 1740 395 1791; x_wconf 89' lang='lat' dir='ltr'><strong>quod</strong></span> <span class='ocrx_word' id='word_1_103' title='bbox 428 1753 511 1778; x_wconf 90' lang='lat' dir='ltr'><strong>non</strong></span> <span class='ocrx_word' id='word_1_104' title='bbox 544 1739 725 1792; x_wconf 76' lang='lat' dir='ltr'><strong>optabas</strong></span> <span class='ocrx_word' id='word_1_105' title='bbox 757 1738 1052 1790; x_wconf 82' lang='lat' dir='ltr'><strong>superstitem:</strong></span> <span class='ocrx_word' id='word_1_106' title='bbox 1090 1750 1166 1776; x_wconf 91' lang='lat' dir='ltr'><strong>nec</strong></span> <span class='ocrx_word' id='word_1_107' title='bbox 1194 1737 1279 1775; x_wconf 90' lang='lat' dir='ltr'><strong>scio</strong></span> <span class='ocrx_word' id='word_1_108' title='bbox 1303 1750 1354 1776; x_wconf 86' lang='lat' dir='ltr'><strong>an</strong></span> <span class='ocrx_word' id='word_1_109' title='bbox 1378 1743 1419 1776; x_wconf 86' lang='lat' dir='ltr'><strong>et</strong></span> <span class='ocrx_word' id='word_1_110' title='bbox 1441 1737 1661 1789; x_wconf 87' lang='lat' dir='ltr'><strong>optaueris.</strong></span> <span class='ocrx_word' id='word_1_111' title='bbox 1714 1738 1917 1790; x_wconf 88' lang='lat' dir='ltr'><strong>permittit</strong></span> 
     </span>
     <span class='ocr_line' id='line_1_16' title="bbox 282 1808 1917 1862; baseline -0.001 -13"><span class='ocrx_word' id='word_1_112' title='bbox 282 1811 390 1848; x_wconf 83' lang='lat' dir='ltr'><strong>enim</strong></span> <span class='ocrx_word' id='word_1_113' title='bbox 424 1810 500 1849; x_wconf 88' lang='lat' dir='ltr'><strong>sibi</strong></span> <span class='ocrx_word' id='word_1_114' title='bbox 533 1809 740 1862; x_wconf 84' lang='lat' dir='ltr'><strong>quaedam</strong></span> <span class='ocrx_word' id='word_1_115' title='bbox 773 1815 919 1848; x_wconf 89' lang='lat' dir='ltr'><strong>contra</strong></span> <span class='ocrx_word' id='word_1_116' title='bbox 952 1808 1110 1847; x_wconf 88' lang='lat' dir='ltr'><strong>bonum</strong></span> <span class='ocrx_word' id='word_1_117' title='bbox 1146 1821 1307 1846; x_wconf 86' lang='lat' dir='ltr'><strong>morem</strong></span> <span class='ocrx_word' id='word_1_118' title='bbox 1343 1820 1495 1859; x_wconf 78' lang='lat' dir='ltr'><strong>magna</strong></span> <span class='ocrx_word' id='word_1_119' title='bbox 1527 1808 1668 1860; x_wconf 90' lang='lat' dir='ltr'><strong>pietas.</strong></span> <span class='ocrx_word' id='word_1_120' title='bbox 1734 1814 1917 1848; x_wconf 85' lang='lat' dir='ltr'><strong>mortem</strong></span> 
     </span>
     <span class='ocr_line' id='line_1_17' title="bbox 283 1877 1914 1932; baseline -0.001 -12"><span class='ocrx_word' id='word_1_121' title='bbox 283 1881 335 1920; x_wconf 82' lang='lat' dir='ltr'><strong>A.</strong></span> <span class='ocrx_word' id='word_1_122' title='bbox 366 1880 562 1920; x_wconf 85' lang='lat' dir='ltr'><strong>Cremutii</strong></span> <span class='ocrx_word' id='word_1_123' title='bbox 596 1880 734 1928; x_wconf 87' lang='lat' dir='ltr'><strong>Cordi,</strong></span> <span class='ocrx_word' id='word_1_124' title='bbox 767 1880 953 1932; x_wconf 80' lang='lat' dir='ltr'><strong>parentis</strong></span> <span class='ocrx_word' id='word_1_125' title='bbox 986 1880 1043 1918; x_wconf 89' lang='lat' dir='ltr'><strong>tui</strong></span> <span class='ocrx_word' id='word_1_126' title='bbox 1076 1884 1279 1930; x_wconf 88' lang='lat' dir='ltr'><strong>quantum</strong></span> <span class='ocrx_word' id='word_1_127' title='bbox 1313 1885 1494 1930; x_wconf 88' lang='lat' dir='ltr'><strong>poteras,</strong></span> <span class='ocrx_word' id='word_1_128' title='bbox 1528 1877 1762 1919; x_wconf 83' lang='lat' dir='ltr'><strong>inhibuisti:</strong></span> <span class='ocrx_word' id='word_1_129' title='bbox 1799 1885 1914 1931; x_wconf 87' lang='lat' dir='ltr'><strong>post-</strong></span> 
     </span>
     <span class='ocr_line' id='line_1_18' title="bbox 282 1949 1918 2004; baseline 0.001 -15"><span class='ocrx_word' id='word_1_130' title='bbox 282 1965 407 2004; x_wconf 84' lang='lat' dir='ltr'><strong>quam</strong></span> <span class='ocrx_word' id='word_1_131' title='bbox 451 1952 524 1991; x_wconf 91' lang='lat' dir='ltr'><strong>tibi</strong></span> <span class='ocrx_word' id='word_1_132' title='bbox 569 1952 760 2004; x_wconf 85' lang='lat' dir='ltr'><strong>apparuit</strong></span> <span class='ocrx_word' id='word_1_133' title='bbox 803 1951 907 1990; x_wconf 88' lang='lat' dir='ltr'><strong>inter</strong></span> <span class='ocrx_word' id='word_1_134' title='bbox 941 1949 1183 1989; x_wconf 74' lang='lat' dir='ltr'><strong>Seianianos</strong></span> <span class='ocrx_word' id='word_1_135' title='bbox 1225 1949 1423 1989; x_wconf 86' lang='lat' dir='ltr'><strong>satellites</strong></span> <span class='ocrx_word' id='word_1_136' title='bbox 1463 1949 1574 1988; x_wconf 88' lang='lat' dir='ltr'><strong>illam</strong></span> <span class='ocrx_word' id='word_1_137' title='bbox 1616 1963 1739 1989; x_wconf 86' lang='lat' dir='ltr'><strong>unam</strong></span> <span class='ocrx_word' id='word_1_138' title='bbox 1772 1956 1918 2002; x_wconf 87' lang='lat' dir='ltr'><strong>patere</strong></span> 
     </span>
     <span class='ocr_line' id='line_1_19' title="bbox 283 2020 1919 2074; baseline -0.001 -12"><span class='ocrx_word' id='word_1_139' title='bbox 283 2023 488 2062; x_wconf 81' lang='lat' dir='ltr'><strong>seruitutis</strong></span> <span class='ocrx_word' id='word_1_140' title='bbox 522 2022 674 2074; x_wconf 78' lang='lat' dir='ltr'><strong>fugam,</strong></span> <span class='ocrx_word' id='word_1_141' title='bbox 709 2036 792 2061; x_wconf 90' lang='lat' dir='ltr'><strong>non</strong></span> <span class='ocrx_word' id='word_1_142' title='bbox 826 2020 958 2060; x_wconf 86' lang='lat' dir='ltr'><strong>fauisti</strong></span> <span class='ocrx_word' id='word_1_143' title='bbox 992 2020 1163 2060; x_wconf 79' lang='lat' dir='ltr'><strong>consilio</strong></span> <span class='ocrx_word' id='word_1_144' title='bbox 1197 2022 1303 2068; x_wconf 77' lang='lat' dir='ltr'><strong>eius,</strong></span> <span class='ocrx_word' id='word_1_145' title='bbox 1338 2022 1413 2059; x_wconf 87' lang='lat' dir='ltr'><strong>sed</strong></span> <span class='ocrx_word' id='word_1_146' title='bbox 1447 2021 1598 2061; x_wconf 88' lang='lat' dir='ltr'><strong>dedisti</strong></span> <span class='ocrx_word' id='word_1_147' title='bbox 1632 2034 1777 2060; x_wconf 86' lang='lat' dir='ltr'><strong>manus</strong></span> <span class='ocrx_word' id='word_1_148' title='bbox 1811 2021 1919 2061; x_wconf 89' lang='lat' dir='ltr'><strong>uicta</strong></span> 
     </span>
    </p>
   </div>
   <div class='ocr_carea' id='block_1_6' title="bbox 247 2092 1917 2145">
    <p class='ocr_par' dir='ltr' id='par_1_6' title="bbox 247 2092 1917 2145">
     <span class='ocr_line' id='line_1_20' title="bbox 247 2092 1917 2145; baseline 0.001 -16"><span class='ocrx_word' id='word_1_149' title='bbox 247 2107 261 2129; x_wconf 68' lang='grc' dir='ltr'><strong>ε»</strong></span> <span class='ocrx_word' id='word_1_150' title='bbox 283 2093 504 2145; x_wconf 74' lang='lat' dir='ltr'><strong>fudistique</strong></span> <span class='ocrx_word' id='word_1_151' title='bbox 538 2093 727 2132; x_wconf 87' lang='lat' dir='ltr'><strong>lacrimas</strong></span> <span class='ocrx_word' id='word_1_152' title='bbox 760 2092 899 2145; x_wconf 90' lang='lat' dir='ltr'><strong>palam</strong></span> <span class='ocrx_word' id='word_1_153' title='bbox 933 2099 974 2132; x_wconf 82' lang='lat' dir='ltr'><strong>et</strong></span> <span class='ocrx_word' id='word_1_154' title='bbox 1006 2092 1185 2144; x_wconf 83' lang='lat' dir='ltr'><strong>gemitus</strong></span> <span class='ocrx_word' id='word_1_155' title='bbox 1219 2092 1431 2131; x_wconf 87' lang='lat' dir='ltr'><strong>deuorasti</strong></span> <span class='ocrx_word' id='word_1_156' title='bbox 1454 2092 1635 2144; x_wconf 76' lang='lat' dir='ltr'><strong>quidem,</strong></span> <span class='ocrx_word' id='word_1_157' title='bbox 1669 2105 1753 2130; x_wconf 89' lang='lat' dir='ltr'><strong>non</strong></span> <span class='ocrx_word' id='word_1_158' title='bbox 1775 2098 1917 2131; x_wconf 86' lang='lat' dir='ltr'><strong>tamen</strong></span> 
     </span>
    </p>
   </div>
   <div class='ocr_carea' id='block_1_7' title="bbox 282 2162 1963 2431">
    <p class='ocr_par' dir='ltr' id='par_1_7' title="bbox 282 2162 1963 2431">
     <span class='ocr_line' id='line_1_21' title="bbox 282 2162 1917 2215; baseline -0.001 -13"><span class='ocrx_word' id='word_1_159' title='bbox 282 2164 395 2204; x_wconf 85' lang='lat' dir='ltr'><strong>hilari</strong></span> <span class='ocrx_word' id='word_1_160' title='bbox 428 2164 564 2204; x_wconf 85' lang='lat' dir='ltr'><strong>fronte</strong></span> <span class='ocrx_word' id='word_1_161' title='bbox 597 2165 737 2203; x_wconf 76' lang='lat' dir='ltr'><strong>texisti</strong></span> <span class='ocrx_word' id='word_1_162' title='bbox 771 2170 811 2203; x_wconf 90' lang='lat' dir='ltr'><strong>et</strong></span> <span class='ocrx_word' id='word_1_163' title='bbox 844 2164 925 2202; x_wconf 90' lang='lat' dir='ltr'><strong>hoc</strong></span> <span class='ocrx_word' id='word_1_164' title='bbox 956 2162 1024 2207; x_wconf 91' lang='lat' dir='ltr'><strong>illQ</strong></span> <span class='ocrx_word' id='word_1_165' title='bbox 1048 2162 1226 2211; x_wconf 79' lang='lat' dir='ltr'><strong>saeculo,</strong></span> <span class='ocrx_word' id='word_1_166' title='bbox 1260 2176 1344 2214; x_wconf 87' lang='lat' dir='ltr'><strong>quo</strong></span> <span class='ocrx_word' id='word_1_167' title='bbox 1376 2176 1529 2214; x_wconf 80' lang='lat' dir='ltr'><strong>magna</strong></span> <span class='ocrx_word' id='word_1_168' title='bbox 1551 2163 1684 2215; x_wconf 86' lang='lat' dir='ltr'><strong>pietas</strong></span> <span class='ocrx_word' id='word_1_169' title='bbox 1708 2169 1796 2202; x_wconf 87' lang='lat' dir='ltr'><strong>erat</strong></span> <span class='ocrx_word' id='word_1_170' title='bbox 1819 2162 1917 2201; x_wconf 87' lang='lat' dir='ltr'><strong>nihil</strong></span> 
     </span>
     <span class='ocr_line' id='line_1_22' title="bbox 284 2233 1963 2287; baseline -0.001 -13"><span class='ocrx_word' id='word_1_171' title='bbox 284 2236 392 2287; x_wconf 76' lang='lat' dir='ltr'><strong>inpie</strong></span> <span class='ocrx_word' id='word_1_172' title='bbox 425 2235 583 2275; x_wconf 82' lang='lat' dir='ltr'><strong>facere:</strong></span> <span class='ocrx_word' id='word_1_173' title='bbox 622 2243 666 2275; x_wconf 89' lang='lat' dir='ltr'><strong>ut</strong></span> <span class='ocrx_word' id='word_1_174' title='bbox 700 2249 799 2274; x_wconf 78' lang='lat' dir='ltr'><strong>uero</strong></span> <span class='ocrx_word' id='word_1_175' title='bbox 834 2234 1011 2286; x_wconf 84' lang='lat' dir='ltr'><strong>aliquam</strong></span> <span class='ocrx_word' id='word_1_176' title='bbox 1046 2235 1310 2273; x_wconf 79' lang='lat' dir='ltr'><strong>occasionem</strong></span> <span class='ocrx_word' id='word_1_177' title='bbox 1346 2233 1522 2273; x_wconf 88' lang='lat' dir='ltr'><strong>mutatio</strong></span> <span class='ocrx_word' id='word_1_178' title='bbox 1555 2234 1757 2286; x_wconf 84' lang='lat' dir='ltr'><strong>temporis</strong></span> <span class='ocrx_word' id='word_1_179' title='bbox 1791 2234 1917 2281; x_wconf 84' lang='lat' dir='ltr'><strong>dedit,</strong></span> <span class='ocrx_word' id='word_1_180' title='bbox 1945 2245 1963 2274; x_wconf 63' lang='lat'><strong>:5</strong></span> 
     </span>
     <span class='ocr_line' id='line_1_23' title="bbox 282 2303 1917 2359; baseline -0.001 -15"><span class='ocrx_word' id='word_1_181' title='bbox 282 2307 491 2358; x_wconf 82' lang='lat' dir='ltr'><strong>ingenium</strong></span> <span class='ocrx_word' id='word_1_182' title='bbox 534 2307 662 2359; x_wconf 87' lang='lat' dir='ltr'><strong>patris</strong></span> <span class='ocrx_word' id='word_1_183' title='bbox 704 2307 783 2355; x_wconf 87' lang='lat' dir='ltr'><strong>tui,</strong></span> <span class='ocrx_word' id='word_1_184' title='bbox 827 2307 880 2345; x_wconf 90' lang='lat' dir='ltr'><strong>de</strong></span> <span class='ocrx_word' id='word_1_185' title='bbox 922 2318 1006 2357; x_wconf 89' lang='lat' dir='ltr'><strong>quo</strong></span> <span class='ocrx_word' id='word_1_186' title='bbox 1048 2310 1261 2357; x_wconf 84' lang='lat' dir='ltr'><strong>sumptum</strong></span> <span class='ocrx_word' id='word_1_187' title='bbox 1297 2310 1383 2343; x_wconf 83' lang='lat' dir='ltr'><strong>crat</strong></span> <span class='ocrx_word' id='word_1_188' title='bbox 1416 2303 1684 2357; x_wconf 86' lang='lat' dir='ltr'><strong>supplicium,</strong></span> <span class='ocrx_word' id='word_1_189' title='bbox 1727 2306 1764 2344; x_wconf 87' lang='lat' dir='ltr'><strong>in</strong></span> <span class='ocrx_word' id='word_1_190' title='bbox 1798 2317 1917 2344; x_wconf 88' lang='lat' dir='ltr'><strong>usum</strong></span> 
     </span>
     <span class='ocr_line' id='line_1_24' title="bbox 282 2375 1917 2431; baseline -0.001 -16"><span class='ocrx_word' id='word_1_191' title='bbox 282 2377 498 2416; x_wconf 85' lang='lat' dir='ltr'><strong>hominum</strong></span> <span class='ocrx_word' id='word_1_192' title='bbox 533 2378 733 2416; x_wconf 76' lang='lat' dir='ltr'><strong>reduxisti</strong></span> <span class='ocrx_word' id='word_1_193' title='bbox 767 2382 808 2416; x_wconf 89' lang='lat' dir='ltr'><strong>et</strong></span> <span class='ocrx_word' id='word_1_194' title='bbox 831 2390 854 2416; x_wconf 85' lang='lat' dir='ltr'><strong>a</strong></span> <span class='ocrx_word' id='word_1_195' title='bbox 878 2390 976 2415; x_wconf 80' lang='lat' dir='ltr'><strong>uera</strong></span> <span class='ocrx_word' id='word_1_196' title='bbox 1009 2375 1120 2414; x_wconf 86' lang='lat' dir='ltr'><strong>illum</strong></span> <span class='ocrx_word' id='word_1_197' title='bbox 1155 2376 1370 2414; x_wconf 82' lang='lat' dir='ltr'><strong>uindicasti</strong></span> <span class='ocrx_word' id='word_1_198' title='bbox 1402 2381 1538 2414; x_wconf 82' lang='lat' dir='ltr'><strong>morte</strong></span> <span class='ocrx_word' id='word_1_199' title='bbox 1568 2388 1616 2414; x_wconf 90' lang='lat' dir='ltr'><strong>ac</strong></span> <span class='ocrx_word' id='word_1_200' title='bbox 1640 2375 1851 2414; x_wconf 85' lang='lat' dir='ltr'><strong>restituisti</strong></span> <span class='ocrx_word' id='word_1_201' title='bbox 1873 2375 1917 2431; x_wconf 26' lang='lat' dir='ltr'><strong>‘in</strong></span> 
     </span>
    </p>
   </div>
   <div class='ocr_carea' id='block_1_8' title="bbox 283 2491 1920 2891">
    <p class='ocr_par' dir='ltr' id='par_1_8' title="bbox 284 2491 1916 2537">
     <span class='ocr_line' id='line_1_25' title="bbox 284 2491 1916 2537; baseline 0.001 -14"><span class='ocrx_word' id='word_1_202' title='bbox 284 2496 303 2525; x_wconf 81' lang='lat'><strong>.&#39;’›</strong></span> <span class='ocrx_word' id='word_1_203' title='bbox 338 2495 472 2535; x_wconf 64' lang='lat' dir='ltr'><strong>aspici-x-</strong></span> <span class='ocrx_word' id='word_1_204' title='bbox 614 2497 633 2525; x_wconf 71' lang='lat' dir='ltr'><strong>(i</strong></span> <span class='ocrx_word' id='word_1_205' title='bbox 670 2495 768 2525; x_wconf 82' lang='lat' dir='ltr'><strong>miehi</strong></span> <span class='ocrx_word' id='word_1_206' title='bbox 915 2493 924 2526; x_wconf 73' lang='grc' dir='ltr'>ἶ</span> <span class='ocrx_word' id='word_1_207' title='bbox 965 2493 1114 2534; x_wconf 64' lang='lat' dir='ltr'><strong>appbata</strong></span> <span class='ocrx_word' id='word_1_208' title='bbox 1143 2493 1178 2534; x_wconf 76' lang='lat' dir='ltr'><strong>(p</strong></span> <span class='ocrx_word' id='word_1_209' title='bbox 1205 2491 1240 2525; x_wconf 68' lang='lat' dir='ltr'><strong>in</strong></span> <span class='ocrx_word' id='word_1_210' title='bbox 1268 2497 1358 2529; x_wconf 73' lang='lat' dir='ltr'><strong>ras.)</strong></span> <span class='ocrx_word' id='word_1_211' title='bbox 1498 2494 1518 2519; x_wconf 48' lang='lat' dir='ltr'><strong>o*</strong></span> <span class='ocrx_word' id='word_1_212' title='bbox 1557 2492 1586 2522; x_wconf 91' lang='lat' dir='ltr'><strong>in</strong></span> <span class='ocrx_word' id='word_1_213' title='bbox 1615 2503 1752 2533; x_wconf 76' lang='lat' dir='ltr'><strong>peisona</strong></span> <span class='ocrx_word' id='word_1_214' title='bbox 1781 2491 1916 2537; x_wconf 76' lang='lat' dir='ltr'><strong>N‹·ap.:</strong></span> 
     </span>
    </p>

    <p class='ocr_par' dir='ltr' id='par_1_9' title="bbox 284 2548 1920 2594">
     <span class='ocr_line' id='line_1_26' title="bbox 284 2548 1920 2594; baseline 0.001 -11"><span class='ocrx_word' id='word_1_215' title='bbox 284 2555 458 2594; x_wconf 56' lang='lat' dir='ltr'><strong>inps-onam</strong></span> <span class='ocrx_word' id='word_1_216' title='bbox 573 2553 608 2586; x_wconf 65' lang='grc' dir='ltr'><strong>Γ.)</strong></span> <span class='ocrx_word' id='word_1_217' title='bbox 637 2565 753 2585; x_wconf 77' lang='lat' dir='ltr'><strong>acrem.</strong></span> <span class='ocrx_word' id='word_1_218' title='bbox 782 2553 934 2586; x_wconf 75' lang='lat' dir='ltr'><strong>uticordi.</strong></span> <span class='ocrx_word' id='word_1_219' title='bbox 1049 2552 1084 2584; x_wconf 71' lang='lat' dir='ltr'><strong>ll&#39;r</strong></span> <span class='ocrx_word' id='word_1_220' title='bbox 1115 2552 1306 2582; x_wconf 71' lang='lat' dir='ltr'><strong>Seianianos</strong></span> <span class='ocrx_word' id='word_1_221' title='bbox 1334 2548 1524 2594; x_wconf 70' lang='lat' dir='ltr'><strong>Aqricola:</strong></span> <span class='ocrx_word' id='word_1_222' title='bbox 1554 2551 1590 2581; x_wconf 67' lang='lat' dir='ltr'><strong>sil</strong></span> <span class='ocrx_word' id='word_1_223' title='bbox 1619 2550 1667 2592; x_wconf 78' lang='lat' dir='ltr'><strong>(in</strong></span> <span class='ocrx_word' id='word_1_224' title='bbox 1692 2550 1765 2594; x_wconf 73' lang='lat' dir='ltr'><strong>fine</strong></span> <span class='ocrx_word' id='word_1_225' title='bbox 1793 2561 1920 2584; x_wconf 71' lang='lat' dir='ltr'><strong>uersus</strong></span> 
     </span>
    </p>

    <p class='ocr_par' dir='ltr' id='par_1_10' title="bbox 283 2608 1816 2654">
     <span class='ocr_line' id='line_1_27' title="bbox 283 2608 1816 2654; baseline -0.001 -11"><span class='ocrx_word' id='word_1_226' title='bbox 283 2610 400 2645; x_wconf 73' lang='lat' dir='ltr'><strong>altera</strong></span> <span class='ocrx_word' id='word_1_227' title='bbox 427 2622 553 2644; x_wconf 72' lang='lat' dir='ltr'><strong>suanus</strong></span> <span class='ocrx_word' id='word_1_228' title='bbox 581 2612 723 2645; x_wconf 71' lang='lat' dir='ltr'><strong>addidit</strong></span> <span class='ocrx_word' id='word_1_229' title='bbox 750 2613 794 2654; x_wconf 73' lang='lat' dir='ltr'><strong>la)</strong></span> <span class='ocrx_word' id='word_1_230' title='bbox 823 2613 940 2643; x_wconf 50' lang='lat' dir='ltr'><strong>niano&lt;</strong></span> <span class='ocrx_word' id='word_1_231' title='bbox 1064 2610 1095 2643; x_wconf 66' lang='lat' dir='ltr'><strong>lsi</strong></span> <span class='ocrx_word' id='word_1_232' title='bbox 1126 2611 1284 2641; x_wconf 62' lang='lat' dir='ltr'><strong>seruitutis</strong></span> <span class='ocrx_word' id='word_1_233' title='bbox 1312 2608 1392 2642; x_wconf 71' lang='lat' dir='ltr'><strong>olim</strong></span> <span class='ocrx_word' id='word_1_234' title='bbox 1421 2612 1644 2643; x_wconf 73' lang='lat' dir='ltr'><strong>correctum:</strong></span> <span class='ocrx_word' id='word_1_235' title='bbox 1674 2610 1816 2641; x_wconf 72' lang='lat' dir='ltr'><strong>seruituti</strong></span> 
     </span>
    </p>

    <p class='ocr_par' dir='ltr' id='par_1_11' title="bbox 291 2667 1919 2773">
     <span class='ocr_line' id='line_1_28' title="bbox 291 2667 1919 2714; baseline -0.002 -12"><span class='ocrx_word' id='word_1_236' title='bbox 291 2672 326 2702; x_wconf 69' lang='lat' dir='ltr'><strong>ll}</strong></span> <span class='ocrx_word' id='word_1_237' title='bbox 356 2671 457 2702; x_wconf 75' lang='lat' dir='ltr'><strong>fronte</strong></span> <span class='ocrx_word' id='word_1_238' title='bbox 474 2682 510 2709; x_wconf 61' lang='grc' dir='ltr'><strong>-κ,</strong></span> <span class='ocrx_word' id='word_1_239' title='bbox 535 2671 607 2714; x_wconf 71' lang='lat' dir='ltr'><strong>sm‘l</strong></span> <span class='ocrx_word' id='word_1_240' title='bbox 629 2671 790 2714; x_wconf 68' lang='lat' dir='ltr'><strong>s&#39;orlasse</strong></span> <span class='ocrx_word' id='word_1_241' title='bbox 817 2672 953 2702; x_wconf 74' lang='lat' dir='ltr'><strong>frontem</strong></span> <span class='ocrx_word' id='word_1_242' title='bbox 1098 2671 1161 2700; x_wconf 83' lang='lat' dir='ltr'><strong>hoc</strong></span> <span class='ocrx_word' id='word_1_243' title='bbox 1190 2668 1389 2702; x_wconf 51' lang='lat' dir='ltr'><strong>deteriores·</strong></span> <span class='ocrx_word' id='word_1_244' title='bbox 1412 2667 1595 2713; x_wconf 69' lang='lat' dir='ltr'><strong>plerique:</strong></span> <span class='ocrx_word' id='word_1_245' title='bbox 1626 2669 1686 2707; x_wconf 74' lang='lat' dir='ltr'><strong>hec</strong></span> <span class='ocrx_word' id='word_1_246' title='bbox 1819 2669 1919 2700; x_wconf 88' lang='lat' dir='ltr'><strong>nichil</strong></span> 
     </span>
     <span class='ocr_line' id='line_1_29' title="bbox 390 2726 1918 2773; baseline -0.003 -12"><span class='ocrx_word' id='word_1_247' title='bbox 390 2730 421 2763; x_wconf 66' lang='lat' dir='ltr'><strong>l}</strong></span> <span class='ocrx_word' id='word_1_248' title='bbox 454 2731 553 2771; x_wconf 63' lang='lat' dir='ltr'><strong>impie*</strong></span> <span class='ocrx_word' id='word_1_249' title='bbox 651 2732 784 2762; x_wconf 76' lang='lat' dir='ltr'><strong>mutatio</strong></span> <span class='ocrx_word' id='word_1_250' title='bbox 804 2731 962 2771; x_wconf 70' lang='lat' dir='ltr'><strong>temporis</strong></span> <span class='ocrx_word' id='word_1_251' title='bbox 984 2728 1117 2773; x_wconf 73' lang='lat' dir='ltr'><strong>Neap.:</strong></span> <span class='ocrx_word' id='word_1_252' title='bbox 1149 2732 1271 2759; x_wconf 66' lang='lat' dir='ltr'><strong>mutato</strong></span> <span class='ocrx_word' id='word_1_253' title='bbox 1291 2732 1436 2769; x_wconf 74' lang='lat' dir='ltr'><strong>tempore</strong></span> <span class='ocrx_word' id='word_1_254' title='bbox 1565 2728 1601 2760; x_wconf 65' lang='grc' dir='ltr'><strong>ΙΗ</strong></span> <span class='ocrx_word' id='word_1_255' title='bbox 1629 2729 1657 2758; x_wconf 87' lang='lat' dir='ltr'><strong>in</strong></span> <span class='ocrx_word' id='word_1_256' title='bbox 1679 2739 1767 2758; x_wconf 65' lang='lat' dir='ltr'><strong>usum</strong></span> <span class='ocrx_word' id='word_1_257' title='bbox 1788 2726 1819 2762; x_wconf 79' lang='lat' dir='ltr'><strong>ll.</strong></span> <span class='ocrx_word' id='word_1_258' title='bbox 1840 2739 1867 2761; x_wconf 68' lang='lat' dir='ltr'><strong>e.</strong></span> <span class='ocrx_word' id='word_1_259' title='bbox 1889 2728 1918 2758; x_wconf 86' lang='lat' dir='ltr'><strong>in</strong></span> 
     </span>
    </p>

    <p class='ocr_par' dir='ltr' id='par_1_12' title="bbox 283 2785 1918 2833">
     <span class='ocr_line' id='line_1_30' title="bbox 283 2785 1918 2833; baseline 0 -14"><span class='ocrx_word' id='word_1_260' title='bbox 283 2801 371 2820; x_wconf 72' lang='lat' dir='ltr'><strong>usum</strong></span> <span class='ocrx_word' id='word_1_261' title='bbox 400 2789 477 2823; x_wconf 69' lang='lat' dir='ltr'><strong>cod.</strong></span> <span class='ocrx_word' id='word_1_262' title='bbox 507 2791 535 2819; x_wconf 78' lang='lat' dir='ltr'><strong>iu</strong></span> <span class='ocrx_word' id='word_1_263' title='bbox 564 2790 663 2820; x_wconf 55' lang='lat' dir='ltr'><strong>uisum</strong></span> <span class='ocrx_word' id='word_1_264' title='bbox 692 2799 769 2822; x_wconf 68' lang='lat' dir='ltr'><strong>cum</strong></span> <span class='ocrx_word' id='word_1_265' title='bbox 800 2788 1041 2833; x_wconf 73' lang='lat' dir='ltr'><strong>Neapolitana</strong></span> <span class='ocrx_word' id='word_1_266' title='bbox 1070 2787 1232 2820; x_wconf 67' lang='lat' dir='ltr'><strong>inmerito</strong></span> <span class='ocrx_word' id='word_1_267' title='bbox 1263 2785 1405 2820; x_wconf 61' lang='lat' dir='ltr'><strong>lv&#39;selcert</strong></span> <span class='ocrx_word' id='word_1_268' title='bbox 1432 2790 1465 2819; x_wconf 73' lang='lat' dir='ltr'><strong>el</strong></span> <span class='ocrx_word' id='word_1_269' title='bbox 1495 2785 1613 2819; x_wconf 64' lang='grc' dir='ltr'><strong>Ηιιιικυ</strong></span> <span class='ocrx_word' id='word_1_270' title='bbox 1732 2787 1767 2819; x_wconf 63' lang='lat' dir='ltr'><strong>lt&gt;</strong></span> <span class='ocrx_word' id='word_1_271' title='bbox 1795 2798 1833 2818; x_wconf 82' lang='lat' dir='ltr'><strong>ac</strong></span> <span class='ocrx_word' id='word_1_272' title='bbox 1861 2787 1918 2829; x_wconf 83' lang='lat' dir='ltr'><strong>(m.</strong></span> 
     </span>
    </p>

    <p class='ocr_par' dir='ltr' id='par_1_13' title="bbox 283 2847 1100 2891">
     <span class='ocr_line' id='line_1_31' title="bbox 283 2847 1100 2891; baseline 0.001 -11"><span class='ocrx_word' id='word_1_273' title='bbox 283 2847 343 2883; x_wconf 78' lang='lat' dir='ltr'><strong>all.</strong></span> <span class='ocrx_word' id='word_1_274' title='bbox 371 2848 404 2881; x_wconf 76' lang='lat' dir='ltr'><strong>in</strong></span> <span class='ocrx_word' id='word_1_275' title='bbox 429 2848 501 2891; x_wconf 65' lang='lat' dir='ltr'><strong>sine</strong></span> <span class='ocrx_word' id='word_1_276' title='bbox 529 2859 673 2883; x_wconf 69' lang='lat' dir='ltr'><strong>uursns:</strong></span> <span class='ocrx_word' id='word_1_277' title='bbox 704 2848 802 2880; x_wconf 73' lang='lat' dir='ltr'><strong>im&#39;lt&#39;n</strong></span> <span class='ocrx_word' id='word_1_278' title='bbox 834 2848 982 2881; x_wconf 64' lang='lat' dir='ltr'><strong>alterius</strong></span> <span class='ocrx_word' id='word_1_279' title='bbox 1009 2854 1100 2888; x_wconf 72' lang='lat' dir='ltr'><strong>ras.)</strong></span> 
     </span>
    </p>
   </div>
  </div>
 </body>
</html>
