1977 3231
342 141 508 169 D1AL.X1.
549 142 603 167 Ao
624 142 804 167 HELVIAM
827 142 999 168 MATREM
1021 143 1072 168 DE
1093 142 1414 169 CONsOLATIONE.
1457 145 1497 170 10.
1523 145 1562 171 11.
1679 146 1760 185 259

140 238 376 278 sestertium
410 238 594 277 centiens
627 240 867 291 conputauit
899 244 940 279 et
972 239 1085 279 uelut
1117 240 1155 279 in
1188 239 1331 279 ultima
1363 238 1473 280 fame
1505 241 1701 288 uicturus,
1733 240 1764 279 si

72 318 116 353 10
142 308 180 346 in
212 309 403 347 sestertio
437 309 619 348 centiens
652 309 833 357 uixisset,
867 323 1029 349 ueneno
1062 311 1189 350 uitam
1222 310 1360 349 finiuit.
1423 316 1578 363 quanta
1605 310 1765 350 luxuria

79 883 85 915 Ι
103 882 109 914 1

95 1516 114 1548 10

141 384 241 426 erat,
273 379 334 417 cui
369 379 551 418 centiens
584 381 817 419 sestertium
853 387 1017 431 egestas
1049 380 1150 420 fuit?
1194 381 1203 419 i
1236 394 1344 420 nunc
1376 387 1417 421 et
1445 387 1546 434 puta
1567 381 1764 433 pecuniae

142 449 316 488 modum
360 450 414 488 ad
456 463 544 488 rem
577 451 793 502 pertinere,
827 465 910 489 non
943 452 1078 490 animi.
1140 452 1375 491 sestertium
1408 453 1590 491 centiens
1623 452 1765 503 aliquis

141 520 331 559 extimuit
374 526 436 568 et,
479 522 594 572 quod
637 520 701 560 alii
735 527 836 561 uoto
870 527 1036 573 petunt,
1080 535 1242 560 ueneno
1276 521 1405 573 fugit?
1458 522 1511 561 illi
1545 536 1644 562 uero
1676 529 1762 562 tam
1785 535 1799 557 t»

141 603 294 642 prauae
337 592 487 630 mentis
518 591 675 630 homini
708 590 851 630 ultima
882 593 999 643 potio
1032 591 1301 631 saluberrima
1333 591 1430 632 fuit:
1475 598 1574 632 tunc
1606 607 1765 632 uenena

142 660 296 700 edebat
328 661 605 713 bibebatque,
649 674 741 700 cum
777 661 971 701 inmensis
1005 662 1133 715 epulis
1166 675 1248 701 non
1283 662 1558 702 delectaretur
1590 669 1764 711 tantum,

141 733 215 771 sed
249 732 503 783 gloriaretur,
537 745 630 771 cum
661 732 756 771 uitia
778 746 852 771 sua
875 738 1115 780 ostentaret,
1149 746 1242 771 cum
1267 733 1476 772 ciuitatem
1500 734 1537 772 in
1561 733 1764 773 luxuriam

142 816 257 842 suam
291 808 573 850 conuerteret,
618 815 711 841 cum
745 803 1002 841 iuuentutem
1036 803 1088 841 ad
1121 803 1393 842 imitationem
1427 804 1485 842 sui
1519 804 1766 851 sollicitaret,

142 873 265 912 etiam
299 873 386 911 sine
418 872 533 912 malis
568 872 772 924 exemplis
805 887 879 925 per
911 886 954 912 se
989 873 1181 912 docilem.
1246 873 1349 913 haec
1381 874 1573 913 accidunt
1606 874 1766 914 diuitias

142 957 226 983 non
248 944 301 982 ad
325 943 528 982 rationem
553 944 855 991 reuocantibus,
880 944 991 983 cuius
1015 945 1114 983 certi
1137 943 1238 983 fines
1261 950 1367 991 sunt,
1400 945 1474 983 sed
1497 946 1549 983 ad
1573 945 1764 984 uitiosam

142 1014 506 1062 consuetudinem,
549 1015 660 1053 cuius
703 1015 935 1053 inmensum
980 1021 1021 1054 et
1063 1015 1408 1067 inconprensibile
1449 1015 1659 1065 arbitrium
1693 1023 1765 1055 est.

141 1085 355 1137 cupiditati
398 1084 493 1123 nihil
538 1090 600 1123 est
639 1085 760 1132 satis,
803 1091 976 1124 naturae
1008 1086 1105 1124 satis
1139 1092 1201 1124 est
1234 1086 1358 1124 etiam
1391 1099 1548 1138 parum.
1612 1087 1766 1126 nullum

142 1169 244 1207 ergo
277 1160 501 1207 paupertas
534 1154 664 1193 exulis
693 1155 1010 1194 incommodum
1034 1154 1186 1194 habet:
1225 1155 1381 1194 nullum
1405 1156 1513 1194 enim
1537 1163 1622 1195 tam
1647 1158 1765 1209 inops

142 1225 311 1265 exilium
345 1231 418 1273 est,
452 1226 566 1278 quod
599 1239 683 1264 non
717 1224 867 1264 alendo
900 1225 1057 1264 homini
1090 1226 1258 1265 abunde
1290 1225 1421 1265 fertile
1454 1227 1514 1265 sit.

259 1296 329 1335 XI.
374 1295 443 1334 An
491 1302 650 1335 uestem
694 1309 741 1335 ac
775 1297 949 1335 domum
986 1297 1292 1335 desideraturus
1326 1302 1387 1335 est
1421 1297 1544 1336 exul?
1597 1297 1637 1335 si
1666 1297 1768 1337 haec

141 1380 308 1419 quoque
341 1366 394 1405 ad
428 1379 545 1405 usum
579 1372 741 1405 tantum
775 1354 1045 1414 desiderabit,
1074 1380 1208 1418 neque
1236 1373 1392 1406 tectum
1422 1368 1456 1406 ei
1481 1368 1611 1406 deerit
1633 1381 1767 1419 neque

142 1437 436 1476 uelamentum.
479 1450 611 1489 aeque
644 1438 752 1476 enim
786 1438 939 1489 exiguo
973 1439 1128 1488 tegitur
1160 1450 1310 1489 corpus
1342 1451 1466 1490 quam
1500 1437 1627 1477 alitur.
1672 1438 1765 1477 nihil

142 1508 299 1547 homini
341 1513 507 1555 natura,
561 1508 675 1559 quod
719 1509 995 1548 necessarium
1037 1507 1235 1556 faciebat,
1289 1507 1383 1547 fecit
1425 1522 1660 1560 operosum.
1733 1510 1764 1548 si

143 1579 352 1617 desiderat
383 1585 566 1618 saturam
600 1578 732 1617 multo
766 1578 987 1630 conchylio
1020 1592 1244 1631 purpuram
1277 1580 1480 1618 intextam
1505 1592 1605 1618 auro
1629 1580 1765 1618 uariis-

143 1662 222 1700 que
265 1654 306 1688 et
349 1648 557 1688 coloribus
600 1649 836 1688 distinctam
865 1635 923 1688 'et
965 1649 1147 1688 artibus:
1194 1663 1277 1688 non
1320 1648 1510 1688 fortunae
1549 1650 1624 1688 iste
1658 1651 1766 1697 uitio,

143 1719 217 1758 sed
259 1732 336 1758 suo
367 1733 526 1772 pauper
558 1726 630 1758 est.
694 1720 854 1759 etiamsi
896 1719 949 1759 illi
987 1721 1188 1772 quidquid
1228 1721 1361 1759 amisit
1406 1721 1640 1767 restitueris
1673 1721 1769 1760 nihil

143 1802 255 1841 ages.
317 1789 408 1842 plus
442 1791 550 1829 enim
584 1791 774 1829 restituto
810 1791 941 1830 deerit
973 1804 1028 1830 ex
1062 1804 1133 1838 eo,
1177 1791 1291 1843 quod
1325 1791 1456 1842 cupit,
1500 1804 1624 1842 quam
1659 1791 1768 1830 exuli

97 1868 116 1899 ζ’,
143 1874 197 1899 ex
221 1874 283 1908 eo,
312 1862 427 1913 quod
450 1860 603 1899 habuit.
646 1861 677 1899 si
702 1861 911 1900 desiderat
933 1862 1066 1900 aureis
1088 1860 1317 1912 fulgentem
1341 1862 1448 1900 uasis
1470 1861 1767 1913 supellectilem

143 1936 184 1969 et
227 1931 403 1982 antiquis
445 1931 682 1970 nominibus
725 1931 926 1971 artificum
971 1937 1190 1983 argentum
1233 1931 1393 1979 nobile,
1435 1945 1504 1970 aes
1537 1942 1821 1983 paucorum··›

142 2001 298 2040 insania
339 2002 568 2052 pretiosum
612 2008 652 2041 et
694 2016 910 2041 seruorum
954 2003 1142 2050 turbam,
1190 2016 1296 2054 quae
1339 2002 1527 2054 quamuis
1571 2016 1767 2054 magnam

144 2072 319 2122 domum
343 2077 549 2123 angustet,
578 2074 857 2111 iumentorum
882 2086 1059 2126 corpora
1081 2073 1244 2112 differta
1267 2079 1308 2112 et
1332 2078 1478 2112 coacta
1501 2074 1769 2124 pinguescere

152 2211 157 2243 1
190 2212 367 2243 sestertium
389 2211 416 2254 (s
435 2211 495 2245 (cll.
516 2211 550 2244 in
570 2212 658 2254 ras.)
679 2213 796 2244 centies
816 2212 843 2252 (s
862 2223 954 2245 corr.
976 2212 1009 2245 τή
1030 2214 1117 2252 νας.)
1217 2212 1236 2244 ‘2
1263 2214 1372 2244 §esttio
1401 2212 1463 2255 (ses
1482 2213 1517 2246 ῖη.
1535 2213 1623 2255 νας.)
1651 2215 1769 2244 centies

263 2269 281 2303 3
310 2271 428 2302 centies
454 2281 502 2301 ses
530 2271 625 2303 tertii—1
749 2272 756 2302 i
783 2282 865 2302 nunc
892 2269 1109 2304 Pincianus:
1140 2272 1235 2302 inuno
1358 2271 1377 2304 4'
1405 2273 1549 2304 ses-territi
1579 2273 1697 2303 cenric<
1724 2276 1770 2311 (se

145 2357 177 2385 ιἸ
205 2351 326 2385 llllz'ma
352 2364 365 2382 s
391 2352 425 2385 ln
453 2354 543 2387 ras)
667 2353 685 2384 ἴ)
722 2337 775 2384 alil
898 2355 917 2385 (i
953 2354 1162 2384 saluberrima
1190 2363 1237 2395 (sa
1265 2353 1298 2386 in
1327 2354 1414 2395 ras.)
1551 2354 1570 2387 T
1607 2355 1770 2384 immensis

265 2412 306 2444 ’1Ξῖ
341 2416 452 2443 nature
478 2413 554 2443 satis
582 2412 612 2455 (e
637 2413 714 2443 salis
740 2412 774 2445 in
802 2413 890 2453 ras.)
1017 2412 1055 2445 lb
1091 2413 1218 2443 exilium
1248 2412 1375 2456 numo:
1406 2414 1505 2445 exitii-1
1654 2414 1701 2443 sit.
1730 2424 1768 2442 nn

145 2472 179 2510 (t.
207 2481 226 2501 a
251 2469 284 2502 in
311 2471 399 2512 ras)
573 2472 611 2503 lb·
644 2473 669 2502 si
695 2472 776 2503 haec
804 2469 967 2515 Marcius
1001 2472 1039 2511 (si
1065 2472 1129 2502 hoc
1157 2469 1386 2513 I'snce‘mms):
1423 2473 1484 2513 hec
1512 2472 1597 2513 (ras.
1625 2475 1706 2504 aule
1732 2472 1769 2509 h)

267 2529 307 2561 is
338 2530 439 2560 nichil
466 2530 501 2572 (n
527 2530 561 2562 in
589 2534 676 2569 ras.)
806 2532 843 2563 1⁴.)
877 2531 901 2561 si
931 2528 1145 2563 Pincianus:
1175 2531 1231 2560 scd
1352 2531 1396 2562 2‘)
1430 2534 1569 2561 saturam
1598 2528 1766 2574 Marlmys:

1116 2596 1132 2612 Π

145 2619 427 2665 ςηιυταῐῖοῑῗἾη
454 2634 527 2659 ras,
556 2624 660 2657 unius
682 2624 764 2667 sere
790 2623 945 2665 Ie'llerac)
1076 2624 1226 2665 cochylio
1259 2613 1265 2619 ¹
1360 2624 1398 2657 21
1438 2625 1578 2659 colorssu
1608 2624 1768 2655 distincta.

147 2682 234 2717 (rus.
255 2687 336 2714 ante
354 2682 387 2723 d)
509 2682 552 2715 233
580 2685 722 2715 restituto
752 2682 915 2717 Muretus
941 2682 999 2724 (dc¹
1025 2693 1094 2726 qm)
1122 2686 1237 2715 lamen
1266 2682 1387 2727 aliqua
1415 2681 1587 2715 dubitatio
1614 2680 1746 2714 residet
1761 2693 1766 2714 2

146 2743 224 2772 erat
259 2750 336 2773 cnm
371 2741 484 2785 maffl's
514 2740 676 2786 placere!
702 2740 864 2775 Flclcerti
896 2741 1157 2782 restituendum:
1187 2742 1383 2772 restituendo
1409 2740 1487 2773 cod.
1672 2741 1769 2771 exsuli

147 2809 184 2828 ex
212 2809 250 2829 eo
279 2799 374 2840 (male
401 2810 439 2830 eo
465 2798 610 2833 uidelnr
627 2812 640 2830 s
659 2810 765 2834 erasa
783 2801 870 2841 esse)
993 2799 1032 2832 24
1068 2800 1094 2830 si
1121 2798 1256 2844 Nem:
1285 2800 1340 2830 sed
1462 2800 1545 2830 uasis
1571 2799 1770 2840 supellectile

148 2858 238 2899 (ras.
264 2857 358 2891 inler
385 2859 409 2888 is
435 2862 467 2891 el
493 2859 521 2901 s)
666 2859 709 2892 52?
744 2863 887 2901 angustet
915 2858 1047 2902 (altera
1073 2864 1081 2889 ι
1109 2857 1142 2891 in
1171 2859 1258 2900 ras.)

1076 2917 1084 2925 ‘
1419 2916 1485 2950 17*

1791 886 1818 910 10

1788 1590 1820 1613 '20
