1977 3231
440 143 543 169 DlAL.
560 143 624 170 Xll.
663 143 717 168 AD
739 143 940 170 POLYBIVM
962 145 1014 170 DE
1034 143 1351 171 CONsoLA‘rloNE.
1389 145 1414 169 Ω.
1438 145 1477 170 lo.
1676 145 1753 183 251

147 251 271 290 quam
314 252 367 278 ex
409 251 485 277 suo
529 237 670 278 fauore
712 239 875 279 fortuna
916 246 1116 287 mutaret,
1169 246 1349 280 stantem
1392 238 1528 278 adhuc
1569 237 1678 277 illam
1721 243 1762 276 et

100 320 121 353 8
147 321 318 348 munera
368 308 491 360 plena
539 321 662 348 manu
705 317 1001 361 congerentem
1045 311 1216 362 reliquit.
1288 310 1429 349 fruitur
1471 322 1577 348 nunc
1618 313 1762 361 aperto

147 385 188 418 et
220 378 350 418 libero
385 378 522 427 caelo,
566 392 619 418 ex
652 379 793 418 humili
826 387 950 432 atque
984 382 1184 433 depresso
1218 382 1254 419 in
1288 394 1382 419 eum
1415 380 1580 419 emicuit
1611 378 1762 425 locum,

146 449 326 501 quisquis
365 448 430 488 ille
471 455 553 496 est,
595 450 664 500 qui
705 449 862 489 solutas
904 450 1071 489 uinculis
1114 452 1270 490 animas
1311 451 1436 490 beato
1480 441 1621 502 recipit
1663 449 1762 496 sinu,

147 524 188 558 et
229 532 336 558 nunc
377 518 503 558 libere
545 519 622 559 illic
664 527 837 571 uagatur
877 521 1099 573 omniaque
1142 535 1276 560 rerum
1320 528 1489 560 naturae
1526 520 1637 559 bona
1669 532 1760 558 curn
1783 529 1798 553 5

145 602 310 628 summa
361 589 576 642 uoluptate
628 591 810 642 percipit.
894 604 1032 631 erras:
1089 605 1172 631 non
1223 592 1402 643 perdidit
1453 590 1586 630 lucem
1639 590 1764 630 frater

100 671 120 701 s)
147 666 260 708 tuus,
302 661 378 700 sed
419 661 667 700 securiorem
711 662 880 700 sortitus
922 668 984 701 est
1058 662 1250 701 omnibus
1290 662 1357 701 illo
1390 662 1508 700 nobis
1541 674 1763 700 commune

147 737 209 770 est
241 733 342 771 iter:
389 731 485 784 quid
518 731 601 770 fata
633 731 862 771 deflemus?
916 746 998 771 non
1032 731 1191 784 reliquit
1223 732 1288 772 ille
1317 746 1405 779 nos,
1437 733 1510 771 sed
1534 732 1764 770 antecessit.

149 801 248 857 [29]
293 808 376 850 est,
420 802 518 842 mihi
561 804 706 850 crede,
750 817 903 855 magna
936 803 1102 843 felicitas
1135 805 1173 842 in
1205 805 1293 855 ipsa
1326 803 1519 842 felicitate
1551 801 1763 840 moriendi.

147 872 243 911 nihil
286 886 337 912 ne
379 873 418 912 in
460 879 597 913 toturn
641 874 808 925 quidem
855 875 964 913 diem
1011 875 1111 914 certi
1144 882 1231 914 est:
1278 874 1367 926 quis
1399 874 1437 912 in
1469 879 1555 912 tam
1589 872 1765 911 obscura
1789 882 1817 905 ¹⁰

148 949 190 982 et
232 942 415 983 inuoluta
447 946 621 984 ueritate
655 945 831 992 diuinat,
876 951 1067 984 utrumne
1100 944 1210 984 fratri
1243 952 1315 984 tuo
1349 957 1462 984 mors
1495 943 1681 982 inuiderit
1714 955 1764 981 an

147 1014 420 1054 consuluerit?
1482 1061 1487 1065 ¹

109 1092 117 1124 l
266 1085 317 1123 X.
361 1084 465 1124 Illud
508 1099 695 1138 quoque,
737 1100 819 1138 qua
856 1087 1006 1126 iustitia
1037 1087 1076 1125 in
1110 1087 1302 1126 omnibus
1336 1085 1457 1124 rebus
1490 1098 1554 1131 es,
1598 1096 1765 1122 necesse

148 1162 210 1195 est
252 1162 293 1195 te
335 1156 501 1195 adiuuet
543 1157 797 1208 cogitantem
840 1171 924 1196 non
955 1158 1140 1196 iniuriam
1174 1157 1245 1197 tibi
1279 1156 1452 1207 factam,
1495 1155 1607 1207 quod
1640 1153 1764 1193 talem

149 1226 316 1266 fratrem
350 1227 538 1274 amisisti,
582 1228 657 1266 sed
689 1227 934 1267 beneficium
968 1229 1132 1275 datum,
1171 1228 1283 1280 quod
1316 1227 1475 1266 tamdiu
1508 1226 1580 1265 tibi
1613 1225 1766 1277 pietate
1791 1233 1818 1257 ¹⁵

100 1305 120 1336 2
148 1298 232 1336 eius
266 1298 321 1336 uti
354 1296 511 1349 fruique
543 1297 663 1336 licuit.
726 1298 886 1351 iniquus
920 1306 994 1347 est,
1027 1299 1095 1350 qui
1128 1299 1307 1338 muneris
1335 1299 1395 1337 sui
1419 1297 1629 1336 arbitrium
1654 1295 1767 1334 danti

147 1382 231 1407 non
265 1368 473 1420 relinquit,
506 1369 661 1416 auidus,
695 1369 763 1421 qui
794 1383 878 1409 non
910 1369 1009 1409 lucri
1041 1369 1136 1409 loco
1169 1369 1309 1416 habet,
1342 1369 1458 1420 quod
1491 1367 1659 1420 accepit,
1693 1365 1766 1405 sed

149 1439 309 1487 damni,
361 1440 476 1491 quod
518 1440 710 1479 reddidit.
784 1440 966 1492 ingratus
1009 1447 1091 1488 est,
1140 1441 1208 1492 qui
1250 1440 1433 1479 iniuriam
1477 1443 1600 1477 uocat
1642 1437 1765 1476 finem

148 1509 393 1561 uoluptatis,
435 1509 602 1558 stultus,
647 1510 715 1562 qui
756 1510 912 1549 nullum
956 1510 1132 1550 fructum
1173 1524 1263 1550 esse
1302 1516 1420 1562 putat
1453 1509 1661 1548 bonorum
1693 1507 1766 1546 nisi

147 1578 448 1632 praesentium,
501 1580 568 1632 qui
611 1594 694 1619 non
737 1586 778 1620 et
819 1581 858 1620 in
901 1582 1132 1634 praeteritis
1175 1581 1402 1633 adquiescit
1445 1586 1485 1618 et
1528 1593 1577 1618 ea
1617 1578 1767 1617 iudicat
1787 1586 1820 1610 2⁰

148 1651 342 1698 certiora,
386 1664 492 1702 quae
534 1650 744 1699 abierunt,
787 1652 882 1704 quia
915 1653 968 1691 de
1001 1651 1072 1691 illis
1105 1665 1156 1691 ne
1189 1652 1378 1691 desinant
1410 1663 1494 1690 non
1527 1656 1588 1688 est
1619 1649 1765 1688 timen-

102 1728 121 1759 3
148 1719 259 1759 dum.
322 1721 440 1760 nimis
473 1727 667 1773 angustat
700 1723 853 1773 gaudia
880 1735 964 1770 sua,
997 1723 1066 1774 qui
1095 1723 1152 1761 eis
1174 1720 1481 1768 tantummodO,
1514 1734 1619 1772 quae
1641 1719 1768 1758 habet

146 1804 194 1831 ac
237 1791 370 1838 uidet,
412 1791 488 1831 frui
526 1806 570 1831 se
602 1798 722 1844 putat
755 1799 796 1831 et
827 1793 1020 1832 habuisse
1054 1793 1203 1832 eadem
1236 1806 1311 1844 pro
1345 1791 1469 1831 nihilo
1503 1791 1625 1830 ducit.
1687 1789 1768 1828 cito

147 1863 255 1901 enim
295 1875 373 1901 nos
411 1863 545 1901 omnis
579 1862 772 1915 uoluptas
805 1862 1016 1916 relinquit,
1057 1877 1164 1915 quae
1196 1862 1283 1901 fluit
1316 1869 1356 1902 et
1389 1861 1531 1901 transit
1563 1867 1604 1899 et
1636 1873 1768 1912 paene

147 1938 370 1984 antequam
415 1934 550 1972 ueniat
593 1932 782 1972 aufertur.
846 1934 985 1986 itaque
1027 1936 1066 1973 in
1105 1934 1373 1987 praeteritum
1413 1938 1578 1984 tempus
1610 1931 1769 1969 animus
1789 1940 1822 1963 2⁵

147 2002 374 2042 mittendus
416 2009 478 2042 est
520 2009 561 2042 et
603 1993 805 2056 quidquid
847 2018 924 2044 nos
963 2018 1160 2056 umquam
1201 2003 1444 2050 delectauit,
1486 2002 1768 2041 reducendum

147 2087 194 2112 ac
242 2072 444 2125 frequenti
493 2074 747 2124 cogitatione
791 2076 1132 2127 pertractandum
1175 2081 1248 2129 est.
1320 2074 1484 2126 longior
1524 2071 1770 2123 fideliorque

99 2148 115 2181 >i
147 2150 209 2183 est
253 2144 455 2193 memoria
498 2143 780 2196 uoluptatum,
824 2159 950 2197 quam
994 2147 1237 2198 praesentia.
1301 2145 1415 2196 quod
1457 2143 1637 2182 habuisti
1668 2155 1769 2193 ergo

146 2215 352 2267 optimum
396 2213 588 2262 fratrem,
631 2216 668 2253 in
702 2218 872 2255 summis
906 2216 1026 2255 bonis
1058 2230 1179 2269 pone.
1242 2229 1325 2255 non
1358 2221 1420 2254 est
1452 2214 1567 2267 quod
1599 2212 1769 2263 cogites,

146 2291 304 2339 qua-nto
354 2285 504 2324 diutius
554 2285 708 2325 habere
751 2287 955 2338 potueris,
1005 2287 1079 2326 sed
1121 2287 1319 2339 quamdiu
1360 2285 1563 2325 habueris.
1635 2296 1769 2322 rerum
1791 2293 1823 2314 22¹»

152 2450 160 2481 l
194 2449 248 2479 illa
267 2447 300 2482 D
421 2450 440 2481 ξ’)
460 2455 489 2479 et
507 2449 620 2480 humili
643 2447 678 2482 E
795 2449 814 2482 4
838 2452 890 2491 qui
908 2449 940 2483 Β
965 2462 1028 2492 quo
1047 2451 1095 2482 uel
1114 2451 1165 2492 qui
1189 2449 1256 2483 DE
1350 2450 1368 2479 s»
1388 2449 1488 2480 libere
1507 2450 1569 2480 illic
1593 2446 1622 2480 B
1641 2448 1721 2478 liber
1744 2444 1772 2479 D

145 2508 245 2538 libere
264 2505 299 2540 E
408 2514 521 2539 natura
541 2506 575 2541 E
683 2510 702 2541 ti
730 2510 865 2550 percipit
895 2507 1051 2542 Goeren:
1080 2510 1231 2550 perspicit
1263 2507 1364 2542 BDE
1469 2508 1608 2549 perdidit
1627 2516 1720 2539 corr.
1743 2504 1770 2538 (ι’

146 2567 248 2607 perdit
271 2564 374 2600 BDE
482 2566 504 2601 8
530 2568 664 2609 reliquid
686 2566 718 2600 B
838 2572 911 2599 ante
937 2569 1030 2600 cessit
1050 2567 1082 2601 B
1211 2567 1246 2601 lO
1273 2579 1312 2598 ne
1339 2568 1368 2598 in
1397 2574 1463 2598 toto
1487 2567 1616 2608 quidem
1635 2566 1687 2595 die
1707 2562 1775 2597 DE

145 2636 196 2656 me
223 2625 253 2655 in
280 2629 381 2656 totum
408 2627 539 2667 quidem
566 2627 651 2658 diem
681 2625 713 2660 B
853 2627 891 2659 ll
926 2628 1066 2658 inuideat
1100 2625 1201 2660 BDE'
1342 2637 1382 2657 an
1408 2626 1578 2657 consulerit
1610 2622 1673 2657 BD
1700 2627 1771 2653 ante

145 2683 317 2714 consulerit
344 2682 378 2716 E
502 2685 541 2717 1:13
576 2696 638 2726 qua
670 2685 698 2718 B
723 2686 797 2726 quia
824 2683 894 2718 DE
1011 2675 1053 2717 es·
1070 2683 1265 2718 Pincianus
1291 2691 1335 2716 est
1363 2682 1468 2718 BDE
1585 2693 1712 2713 necesse
1739 2680 1771 2714 B

145 2752 275 2773 necesse
301 2748 346 2773 est
372 2741 442 2776 DE
567 2743 603 2776 15
631 2744 689 2774 tibi
717 2745 834 2784 pietate
861 2745 925 2775 eius
944 2745 986 2775 uti
1006 2744 1127 2784 fruique
1147 2742 1179 2775 B
1206 2744 1325 2784 pietate
1343 2743 1408 2774 eius
1427 2744 1469 2774 uti
1489 2743 1610 2783 fruique
1629 2742 1685 2772 tibi
1705 2738 1775 2774 DE

266 2800 306 2833 H
343 2800 490 2842 relinquit
519 2800 550 2835 B
576 2802 701 2843 reliquit
728 2800 798 2835 DE
918 2801 958 2835 19
993 2806 1081 2844 putat
1109 2813 1177 2834 esse
1205 2799 1274 2835 DE
1403 2803 1446 2834 ‘lo'
1481 2800 1710 2841 uoluplandum
1743 2797 1772 2831 B

265 2858 309 2892 30
334 2860 390 2891 sed
417 2865 499 2893 (mee
524 2861 678 2902 quamdiu
705 2860 829 2894 omittit
862 2859 891 2893 Β
