1977 3231
65 521 85 553 ts

67 1223 88 1254 CL

616 133 720 159 DIAL.
743 134 796 161 111.
840 133 892 158 DE
912 133 979 158 IRA
1002 133 1071 159 LIB.
1095 133 1116 159 Ι.
1147 134 1186 159 19.
1209 136 1252 160 21).
1680 139 1732 176 53

111 231 206 270 facit
237 231 417 282 quisquis
451 243 603 269 uacuus
635 230 693 269 ira
725 231 916 269 meritam
948 232 1095 282 cuique
1126 244 1307 283 poenam
1330 231 1513 281 iniungit.
1566 230 1734 269 dimittit

111 314 236 353 saepe
255 313 361 348 eum,
381 301 493 340 cuius
513 306 734 352 peccatum
758 301 990 354 deprendit,
1013 301 1045 339 si
1063 301 1316 352 paenitentia
1333 299 1428 340 facti
1446 313 1565 352 spem
1577 299 1734 339 bonam

113 370 339 423 pollicetur,
362 371 393 410 si
416 370 615 422 intellegit
637 384 722 410 non
745 384 799 410 ex
815 370 900 410 alto
917 372 1056 410 uenire
1070 371 1306 423 nequitiam,
1329 371 1405 410 sed
1420 383 1599 418 summo,
1621 371 1735 422 quod

111 441 234 488 aiunt,
270 441 410 480 animo
433 441 657 480 inhaerere.
710 441 826 480 dabit
848 442 1120 493 inpunitatem
1142 455 1219 480 nec
1251 441 1545 493 accipientibus
1577 441 1734 480 nocitu-

112 524 202 550 ram
224 524 302 550 nec
322 510 527 551 dantibus.
588 524 902 563 nonnumquam
926 524 1079 562 magna
1101 510 1258 550 scelera
1279 510 1406 550 leuius
1429 524 1553 563 quam
1577 512 1737 550 minora
1757 529 1772 553 5

112 587 346 633 conpescet,
369 582 402 620 si
424 580 490 620 illa
512 581 639 634 lapsu,
662 595 747 621 non
770 581 1014 621 crudelitate
1037 568 1261 620 commissa
1279 588 1383 629 sunt,
1406 581 1469 620 his
1487 582 1592 621 inest
1604 581 1737 621 latens

112 657 154 691 et
196 658 343 704 operta
385 658 426 691 et
469 652 698 692 inueterata
739 651 951 691 calliditas.
1013 651 1123 691 idem
1155 651 1352 691 delictum
1385 652 1425 690 in
1457 651 1621 691 duobus
1653 666 1737 691 non

115 721 266 761 eodem
319 721 431 761 malo
485 721 666 769 adficiet,
719 723 752 761 si
793 722 897 761 alter
937 735 1012 774 per
1053 721 1363 774 neglegentiam
1405 723 1590 771 admisit,
1634 722 1738 762 alter

114 793 270 832 curauit
320 798 366 832 ut
413 806 570 832 nocens
623 799 743 832 esset.
814 791 896 831 hoc
937 805 1104 845 semper
1144 792 1181 831 in
1226 792 1341 831 omni
1378 792 1738 832 animaduersione

113 862 304 911 seruabit,
346 868 390 902 ut
421 864 524 903 sciat
555 862 728 902 alteram
761 862 961 910 adhiberi,
994 868 1039 902 ut
1071 863 1269 902 emendet
1301 861 1446 910 malos,
1479 862 1662 910 alteram,
1695 869 1738 902 ut
1763 879 1792 904 1ο

113 933 245 972 tollat.
306 934 347 972 in
388 939 566 986 utroque
597 947 680 973 non
712 934 947 986 praeterita,
979 933 1055 972 sed
1086 932 1220 973 futura
1252 932 1487 972 intuebitur.
1554 946 1663 981 nam,
1697 938 1740 972 ut

114 1003 232 1043 Plato
255 1004 321 1052 ait,
344 1016 462 1042 nemo
485 1003 679 1054 prudens
702 1004 840 1055 punit,
875 1004 974 1057 qnia
997 1010 1219 1055 peccatum
1251 1010 1323 1052 est,
1358 1003 1437 1042 sed
1463 1017 1511 1042 ne
1532 1010 1737 1056 peccetur.

115 1074 309 1114 reuocari
336 1074 447 1113 enim
469 1074 708 1125 praeterita
740 1087 820 1113 non
843 1080 1034 1125 possunt,
1058 1075 1218 1122 fusura
1242 1059 1532 1125 prohibentia».
1572 1080 1613 1113 et
1635 1088 1740 1126 quos

116 1144 229 1185 uolet
267 1145 472 1197 nequitiae
513 1145 623 1184 male
665 1146 851 1185 cedentis
894 1144 1091 1197 exempla
1122 1144 1225 1192 fieri,
1269 1144 1408 1197 palam
1442 1144 1622 1191 occidet,
1656 1157 1740 1182 non

114 1221 277 1256 tantum
316 1221 360 1254 ut
401 1221 574 1268 pereant
605 1216 702 1269 ipsi,
744 1216 820 1255 sed
858 1221 903 1255 ut
944 1214 1046 1254 alios
1077 1216 1294 1267 pereundo
1327 1216 1576 1254 deterreant.
1638 1214 1792 1253 haec15

115 1287 178 1326 cui
229 1286 509 1339 expendenda
555 1287 895 1338 aestimandaque
936 1292 1046 1334 sunt,
1104 1273 1220 1325 uides
1262 1299 1388 1338 quam
1432 1285 1586 1325 debeat
1628 1285 1741 1324 omni

114 1357 428 1410 perturbatione
460 1356 564 1396 liber
595 1358 796 1397 accedere
827 1357 880 1396 ad
912 1370 1000 1395 rem
1032 1370 1195 1396 summa
1228 1356 1438 1409 diligentia
1468 1354 1741 1402 tractandam,

116 1433 373 1481 potestatem
406 1428 515 1466 uitae
546 1428 751 1480 necisque.
816 1426 925 1466 male
956 1428 1061 1467 irato
1094 1427 1247 1466 ferrum
1280 1427 1564 1466 committitur.

235 1497 330 1537 XX.
392 1498 458 1537 Ne
509 1497 607 1537 illud
658 1499 827 1550 quidem
880 1498 1146 1537 iudicandum
1198 1504 1278 1545 est,
1331 1496 1483 1549 aliquid
1535 1496 1635 1535 iram
1688 1496 1742 1535 ad

118 1569 448 1621 magnitudinem
481 1569 605 1607 animi
639 1567 837 1607 conferre.
880 1582 965 1607 non
997 1574 1060 1607 est
1083 1568 1192 1607 enim
1215 1567 1281 1607 illa
1313 1568 1572 1619 magnitudo,
1604 1572 1744 1605 tumor
1765 1578 1797 1603 20

118 1645 191 1679 est.
252 1652 330 1678 nec
371 1639 616 1692 corporibus
659 1639 778 1692 copia
820 1639 953 1678 uitiosi
996 1639 1150 1678 umoris
1192 1639 1358 1678 intentis
1400 1637 1573 1677 morbus
1617 1637 1744 1675 incre-

118 1716 304 1749 mentum
339 1716 412 1757 est,
445 1710 520 1748 sed
553 1709 748 1762 pestilens
780 1709 1050 1750 abundantia.
1110 1722 1257 1748 omnes
1280 1722 1386 1760 quos
1408 1721 1555 1747 uecors
1587 1708 1746 1746 animus

118 1793 242 1833 supra
284 1780 558 1832 cogitationes
602 1779 766 1818 extollit
810 1779 1034 1827 humanas,
1079 1779 1207 1818 altum
1248 1779 1449 1831 quiddam
1493 1783 1534 1817 et
1572 1776 1746 1816 sublime

117 1851 273 1902 spirare
305 1863 350 1889 se
383 1850 585 1889 credunt:
622 1855 805 1889 ceterum
840 1849 894 1888 nil
926 1849 1046 1888 solidi
1077 1849 1232 1897 subest,
1264 1850 1340 1889 sed
1364 1850 1402 1887 in
1431 1849 1592 1900 ruinam
1615 1860 1747 1900 prona

118 1926 223 1969 sunt,
256 1933 363 1972 quae
393 1921 482 1959 'sine
515 1920 796 1960 fundamentis
835 1933 1013 1959 creuere.
1077 1934 1162 1959 non
1200 1919 1328 1959 habet
1371 1919 1428 1958 ira
1471 1919 1534 1958 cui
1575 1919 1744 1957 insistat.
1766 1930 1798 1955 25

118 2004 203 2030 non
236 2004 290 2030 ex
322 1990 443 2030 firmo
478 2004 756 2043 mansuroque
789 1991 927 2038 oritur,
960 1992 1035 2030 sed
1059 1996 1235 2029 uentosa
1257 1996 1298 2029 et
1320 1990 1448 2029 inanis
1472 1995 1533 2028 est
1565 1995 1746 2027 tantum-

118 2075 198 2114 que
231 2061 351 2100 abest
383 2074 407 2100 a
440 2061 725 2113 magnitudine
758 2062 903 2109 animi,
945 2067 1147 2113 quantum
1180 2074 1204 2100 a
1236 2060 1477 2100 fortitudine
1509 2060 1691 2102 audacia,
1724 2071 1747 2097 a

118 2131 269 2171 fiducia
309 2131 545 2179 insolentia,
589 2131 642 2170 ab
684 2132 924 2171 austeritate
956 2132 1140 2179 tristitia,
1195 2144 1219 2170 a
1250 2131 1472 2170 seueritate
1515 2129 1747 2169 crudelitas.

121 2202 317 2250 multum,
361 2202 551 2253 inquam,
593 2203 762 2241 interest
804 2202 909 2240 inter
951 2202 1171 2241 sublimem
1214 2202 1397 2240 animum
1437 2206 1478 2240 et
1510 2199 1747 2253 superbum.

119 2273 328 2312 iracundia
360 2272 456 2311 nihil
489 2272 675 2325 amplum
709 2273 994 2324 decorumque
1027 2271 1205 2311 molitur.
1268 2278 1413 2311 contra
1456 2270 1554 2310 mihi
1586 2271 1748 2309 uidetur
1768 2292 1800 2315 30

120 2343 328 2383 ueternosi
361 2348 401 2382 et
433 2342 598 2381 infelicis
631 2342 766 2390 animi,
798 2341 1087 2382 imbecillitatis
1120 2342 1196 2381 sibi
1229 2342 1399 2389 conscii,
1433 2354 1559 2394 saepe
1590 2340 1746 2380 indole-

120 2427 246 2462 scere,
279 2420 323 2452 ut
355 2412 595 2452 exulcerata
627 2418 668 2452 et
701 2426 828 2465 aegra
873 2425 1072 2465 corpora,
1115 2425 1222 2464 quae
1265 2413 1319 2452 ad
1352 2418 1486 2452 tactus
1519 2411 1748 2450 lenissimos

208 2554 252 2586 tl‘sl
279 2554 369 2595 aliqd
404 2554 439 2595 (d
457 2563 552 2587 corr.
572 2563 621 2586 ea·
640 2555 662 2592 t)
753 2554 792 2586 :31
824 2525 1019 2584 uitiosiiissris
1113 2552 1156 2585 25,
1185 2553 1230 2582 ira
1259 2552 1350 2593 (11111
1371 2552 1461 2593 ras.)
1552 2550 1593 2584 21
1622 2553 1685 2592 (11111
1714 2555 1747 2582 111

231 2611 275 2644 2⁸
303 2611 498 2654 austeritate]
528 2614 719 2643 auctoritate
745 2610 912 2645 Muretus
938 2615 985 2654 <el
1005 2610 1199 2655 praecepit
1224 2609 1463 2655 Neapolitana
1488 2608 1680 2644 scribendo
1707 2610 1748 2640 ab

123 2671 313 2702 auctoritate
327 2671 524 2711 crudelitas),
544 2681 636 2714 quae
650 2671 855 2705 condemur-a
870 2681 910 2704 eo
926 2669 1126 2714 speciosior·
1143 2673 1204 2709 est,
1224 2668 1322 2713 qnod
1335 2668 1436 2715 apud
1450 2667 1594 2711 Quintil.
1610 2678 1750 2712 quoqne

127 2730 178 2766 12,
207 2731 237 2768 5,
269 2730 280 2761 l
311 2727 360 2763 M.
379 2727 484 2762 habet
511 2730 687 2767 austeritas,
714 2728 847 2773 reliqui
863 2727 968 2762 codd.
990 2728 1183 2764 auct01·itas;
1214 2727 1442 2761 nihilominus
1468 2729 1648 2759 austeritate
1675 2737 1747 2759 mu-

125 2786 272 2820 tandum
297 2798 366 2820 uon
394 2797 489 2826 esse,
524 2786 677 2821 ostendi!
703 2786 794 2821 idem
824 2785 968 2828 Que‘mil.
998 2788 1027 2826 2,
1056 2788 1087 2825 2,
1115 2789 1132 2818 5
1162 2797 1225 2817 non
1253 2788 1419 2818 austeritas
1445 2787 1510 2818 eius
1536 2787 1649 2823 tristis,
1684 2796 1747 2816 non

124 2847 277 2877 dissoluta
304 2848 341 2877 sit
369 2847 506 2877 comitas
627 2846 669 2879 211
696 2847 833 2877 sublime
954 2846 991 2878 :³1
1025 2845 1147 2876 conscii
1174 2842 1387 2879 Pincianus:
1416 2846 1506 2878 Escia
