1982 3267
418 522 506 584 DE
554 522 805 585 CODIGE
851 520 1408 586 MEDIOLANENSI.

217 737 385 799 Codicis
428 759 773 806 Mediolanensis,
825 758 864 796 in
916 772 1000 810 quo
1053 758 1188 797 omnis
1231 757 1418 797 Senecae
1459 759 1723 811 dialogorum

96 835 262 882 praeter
304 829 637 869 consolationem
680 830 734 868 ad
777 828 998 879 Polybium
1041 830 1180 881 posita
1221 835 1285 868 est
1317 831 1541 877 memoria,
1585 829 1718 869 conla-

96 902 254 939 tionem
299 900 352 949 ab
395 900 507 939 Italis
550 900 709 939 Branca
758 906 799 938 et
841 899 1007 951 Bugato
1060 898 1226 938 saeculo
1277 901 1491 950 superiore
1544 906 1726 939 exeunte

96 969 250 1009 factam
284 976 326 1008 et
357 984 381 1009 a
402 970 598 1009 Fickerto
631 971 670 1009 in
702 983 819 1008 suam
853 970 1083 1008 editionem
1112 971 1404 1021 transcriptam
1428 969 1567 1009 multis
1591 973 1723 1010 nomi-

96 1040 215 1079 nibus
259 1054 452 1079 mancam
496 1053 586 1079 esse
628 1054 704 1079 nec
742 1037 912 1092 ‘aliquid
955 1046 1119 1080 tantum
1167 1041 1221 1079 ad
1264 1047 1497 1080 accuratam
1539 1040 1726 1081 lectionis

95 1110 223 1150 fidem
258 1111 495 1150 desiderari'
530 1124 623 1150 cum
657 1113 762 1162 ipse,
806 1110 1054 1162 simulatque
1086 1110 1299 1149 mensibus
1331 1111 1486 1150 Martio
1519 1118 1559 1150 et
1592 1111 1727 1164 Aprili

96 1195 130 1220 a.
159 1181 266 1220 1875
291 1183 331 1220 in
353 1181 610 1220 bibliotheca
631 1180 919 1220 Ambrosiana
941 1182 1132 1219 codicem
1155 1186 1335 1220 tractare
1368 1182 1498 1234 coepi,
1531 1181 1726 1229 intellexi,

95 1257 184 1291 tum
230 1265 359 1303 opera
402 1252 483 1290 iam
516 1250 702 1304 perfecta
734 1258 775 1290 et
807 1252 846 1290 in
879 1251 1089 1303 publicum
1123 1251 1295 1299 emissa,
1339 1253 1472 1304 quiuis
1506 1253 1727 1305 perspiciet

96 1327 137 1361 et
169 1327 409 1374 cognoscet.
474 1322 622 1374 Neque
654 1321 846 1361 homines
885 1321 940 1361 illi
972 1323 1164 1373 imperite
1196 1323 1236 1360 in
1269 1335 1440 1361 munere
1473 1324 1726 1374 exequendo

95 1393 245 1432 uersati
287 1394 508 1445 potiusque
549 1392 693 1432 litteris
736 1393 790 1431 ad
831 1391 1226 1444 palaeographicam
1270 1395 1475 1432 rationem
1509 1394 1727 1444 exigendis

94 1477 220 1515 saepe
262 1464 493 1502 rectissimo
536 1465 620 1502 ueri
661 1476 783 1502 sensu
826 1470 921 1502 sunt
962 1463 1101 1511 ducti;
1147 1464 1223 1502 sed
1265 1470 1310 1503 ut
1355 1465 1548 1503 omittam
1589 1470 1727 1503 totum

96 1533 466 1585 orthographicum
500 1547 630 1585 genus
662 1547 833 1585 prorsus
866 1532 1115 1585 neglectum,
1148 1547 1225 1572 nec
1247 1534 1504 1573 diuersarum
1528 1547 1727 1573 manuum

95 1617 251 1655 genera
292 1603 375 1643 ullo
419 1604 551 1643 modo
593 1610 839 1643 curauerunt
872 1609 913 1642 et
945 1604 983 1642 in
1016 1605 1164 1643 rasuris
1197 1610 1238 1642 et
1267 1604 1592 1643 correctionibus
1625 1605 1726 1643 indi-

95 1674 237 1713 candis
269 1675 373 1713 mira
404 1673 570 1713 libidine
602 1674 667 1713 uel
700 1687 749 1713 ea
777 1675 920 1713 uidere
952 1673 1028 1713 sibi
1060 1675 1132 1713 uisi
1155 1679 1250 1713 sunt
1282 1688 1388 1726 quae
1421 1688 1530 1713 nunc
1558 1675 1726 1726 quidem

96 1745 268 1784 omnino
311 1758 395 1783 non
433 1750 635 1797 apparent
668 1744 734 1783 uel
767 1758 816 1784 ea
847 1758 954 1797 quae
986 1745 1116 1796 quiuis
1149 1746 1290 1784 uideat
1332 1751 1501 1796 oportet
1542 1751 1725 1797 praeter-

96 1816 296 1854 miserunt
334 1821 376 1854 et
418 1815 679 1867 reliquerunt.
743 1814 925 1854 Accedit
954 1828 1100 1854 eorum
1132 1814 1333 1862 locorum,
1366 1815 1435 1854 ubi
1468 1815 1597 1854 uerba
1629 1817 1725 1855 scri-

95 1886 226 1938 ptoris
269 1899 323 1925 ex
365 1886 490 1937 ipsius
533 1886 688 1925 codicis
731 1886 996 1933 testimonio,
1040 1899 1117 1924 nec
1159 1886 1308 1925 rasuris
1350 1898 1427 1924 nec
1469 1886 1726 1925 diuersarum

96 1969 294 1995 manuum
328 1969 457 2009 opera
489 1956 728 2003 obscurato,
763 1957 989 1995 emendare
1021 1956 1135 2004 licet,
1169 1958 1269 1996 satis
1302 1956 1457 2008 mag'na
1489 1956 1726 2003 multitudo,

96 2027 135 2065 in
167 2041 249 2079 qua
280 2033 422 2066 tamen
454 2040 580 2079 saepe
613 2027 758 2066 nesciri
786 2032 923 2066 utrum
946 2026 1057 2066 Italis
1080 2040 1131 2065 an
1153 2027 1351 2066 Fickerto
1375 2026 1495 2078 culpa
1516 2027 1727 2079 scriptoris

99 2098 314 2148 deprauati
346 2098 568 2137 tribuenda
600 2098 661 2145 sit,
694 2104 844 2150 postea
877 2099 1105 2137 accuratius
1138 2098 1382 2136 uidebimus.

215 2167 293 2207 Est
324 2174 466 2207 autem
499 2169 638 2207 codex
670 2181 967 2220 pergamenus,
1010 2167 1170 2207 formae
1204 2167 1436 2220 oblongae,
1476 2168 1725 2219 Longobar-

98 2238 198 2276 dicis
237 2237 380 2277 litteris
422 2237 589 2277 saeculo
630 2252 715 2277 non
758 2252 894 2285 nono,
938 2244 981 2277 ut
1023 2239 1150 2290 uulgo
1194 2237 1342 2286 fertur,
1386 2240 1461 2278 sed
1504 2239 1727 2277 undecimo

98 2314 305 2348 exaratus.
370 2307 466 2360 Qua
497 2309 714 2347 uetustatis
750 2309 1032 2347 deminutione
1065 2310 1133 2361 qui
1161 2309 1287 2348 etiam
1311 2310 1609 2361 praestantiam
1643 2310 1728 2348 eius

99 2379 222 2418 minui
256 2379 435 2430 putabit,
478 2379 618 2417 uideat
650 2392 702 2417 ne
734 2380 1041 2430 praeiudicatae
1074 2380 1258 2431 opinioni
1290 2379 1381 2431 plus
1414 2379 1569 2418 tribuat
1601 2392 1727 2432 quam

97 2450 393 2501 ipsi-ueritati;
441 2449 521 2488 hoc
563 2455 676 2488 certe
709 2449 773 2488 uel
807 2450 864 2488 sic
897 2450 1124 2497 constabit,
1170 2464 1317 2489 omnes
1350 2449 1528 2501 reliquos
1561 2451 1727 2489 codices

98 2521 151 2559 ad
194 2519 302 2559 hunc
343 2533 470 2558 unum
514 2519 672 2564 referri,
716 2520 834 2559 huius
876 2519 960 2558 fide
1002 2520 1252 2572 reliquorum
1297 2520 1483 2559 omnium
1518 2520 1728 2559 contineri.

98 2589 184 2629 Sed
231 2591 465 2629 describere
520 2591 708 2629 codicem
764 2596 806 2628 ut
858 2604 1054 2642 pergam,
1106 2591 1193 2643 ipse
1245 2591 1463 2642 octoginta
1515 2597 1613 2630 octo
1666 2597 1729 2629 est

98 2659 301 2699 foliorum.
365 2661 572 2707 Duorum,
615 2674 722 2712 quae
755 2661 1024 2708 antecedunt,
1066 2661 1105 2699 in
1138 2661 1274 2713 primo
1306 2661 1484 2700 aduerso
1517 2660 1728 2700 Antonius

101 2729 309 2781 Olgiatus,
353 2732 464 2769 cuius
497 2743 626 2784 opera
657 2731 696 2769 in
729 2730 983 2770 bibliotheca
1015 2731 1301 2770 Ambrosiana
1334 2731 1566 2770 ordinanda
1598 2731 1726 2770 cardi-

99 2800 236 2839 nalem
268 2801 572 2840 Borromaeum
605 2815 725 2840 usum
759 2814 849 2840 esse
882 2807 1064 2846 constat,
1102 2803 1263 2854 scripsit
1298 2798 1500 2841 ‘felicibus
1539 2802 1727 2853 auspiciis

101 2871 307 2910 Frederici
351 2871 623 2911 Borrhomaei
671 2873 780 2912 1603
835 2872 975 2911 codex
1024 2873 1132 2912 notis
1174 2886 1273 2914 sane
1316 2873 1450 2911 doctis
1493 2873 1727 2923 adspersus,
