1977 3231
80 1457 98 1489 (ἰ

384 147 488 174 DlAL.
510 147 547 173 X.
586 147 640 172 AD
662 146 867 173 PAVLINVM
888 148 940 173 DE
961 148 1183 173 BREVITATE
1203 148 1332 174 VITAE.
1375 150 1414 175 18.
1439 150 1478 175 19.
1652 152 1733 192 243

119 243 342 282 ministerio
385 242 615 283 honorifico
656 245 823 296 quidem
865 246 941 284 sed
982 257 1126 296 parum
1171 246 1224 284 ad
1266 245 1435 284 beatam
1475 245 1602 284 uitam
1635 251 1735 297 apto

119 326 269 352 reuoca
312 320 353 353 et
396 314 535 365 cogita
578 327 661 353 non
703 315 744 354 id
787 315 920 366 egisse
961 320 1003 353 te
1046 315 1098 353 ab
1132 321 1279 369 *aetate
1316 316 1449 368 prima
1481 316 1594 354 omni
1626 315 1736 354 cultu

118 383 351 423 studiorum
393 383 642 432 liberalium,
686 391 730 424 ut
771 385 845 424 tibi
878 384 1008 424 multa
1040 385 1149 424 milia
1180 385 1372 425 frumenti
1405 386 1513 425 bene
1546 386 1736 426 commit-

118 460 320 494 terentur:
357 455 488 493 maius
521 455 720 507 quiddam
754 462 795 495 et
827 455 946 494 altius
979 456 1031 494 de
1064 461 1105 494 te
1137 457 1396 508 promiseras.
1446 470 1530 495 non
1563 458 1738 496 deerunt

119 530 160 563 et
192 523 434 576 frugalitatis
467 532 643 565 exactae
674 525 863 580 hpmines
896 533 937 565 et
969 525 1201 565 laboriosae
1230 540 1394 578 operae.
1437 532 1555 566 tanto
1578 528 1738 579 aptiora
1759 542 1774 564 5

119 596 333 647 portandis
367 596 559 635 oneribus
592 597 712 635 tarda
744 596 927 635 iumenta
958 602 1052 634 sunt
1085 610 1209 649 quam
1242 596 1402 636 nobiles
1425 598 1527 649 equi,
1561 611 1737 650 quorum

75 679 83 684 ·
119 679 367 717 generosam
400 667 684 718 pernicitatem
716 667 806 718 quis
839 680 1036 718 umquam
1071 667 1185 718 graui
1208 668 1366 706 sarcina
1386 669 1561 719 pressit?
1602 669 1739 719 cogita

119 742 346 788 praeterea,
379 744 578 789 quantum
610 736 893 776 sollicitudinis
924 738 975 777 sit
1007 738 1060 776 ad
1093 743 1253 776 tantam
1287 744 1328 777 te
1361 738 1515 777 molem
1547 739 1734 778 obicere:

121 821 214 846 cum
250 813 392 846 uentre
424 808 496 846 tibi
528 807 712 847 humano
745 808 961 859 negotium
1003 813 1075 847 est.
1139 821 1215 847 nec
1246 808 1447 848 rationem
1480 810 1632 861 patitur
1665 823 1741 848 nec

121 879 328 931 aequitate
361 879 572 930 mitigatur
603 891 680 918 nec
712 878 792 917 ulla
824 891 948 930 prece
977 877 1154 917 flectitur
1176 878 1352 931 populus
1376 880 1566 918 esuriens.
1611 880 1741 918 modo
1765 894 1794 918 ιο

121 949 252 988 modo
295 949 400 988 intra
440 962 597 1001 paucos
639 948 728 988 illos
772 950 878 996 dies,
922 948 1070 1001 quibus
1115 947 1158 987 C.
1203 948 1356 988 Caesar
1397 951 1536 1002 periit,
1579 951 1611 989 si
1653 952 1742 1002 quis

120 1019 257 1059 inferis
298 1033 443 1058 sensus
487 1026 570 1067 est,
613 1019 695 1059 hoc
727 1020 968 1072 grauissime
1001 1018 1157 1067 ferens,
1200 1021 1314 1072 quod
1356 1020 1512 1072 populo
1545 1021 1741 1060 Romano

122 1090 361 1142 superstite,
406 1091 600 1130 dicebant
643 1096 805 1143 septem
846 1097 916 1130 aut
948 1096 1047 1129 octo
1081 1096 1194 1130 certe
1228 1091 1385 1130 dierum
1420 1091 1569 1130 cibaria
1601 1105 1740 1144 super-

122 1174 223 1199 esse.
287 1161 387 1200 dum
439 1160 505 1200 ille
557 1167 707 1213 pontes
760 1161 931 1200 nauibus
984 1161 1114 1212 iungit
1166 1167 1206 1200 et
1249 1161 1401 1200 uiribus
1444 1162 1587 1214 imperi
1630 1163 1742 1210 ludit,

122 1232 266 1271 aderat
310 1231 498 1271 ultimum
541 1232 747 1272 malorum
789 1233 972 1271 obsessis
1010 1246 1199 1284 quoque,
1242 1231 1534 1271 alimentorum
1568 1240 1742 1284 egestas.
1767 1246 1797 1270 15

123 1303 251 1341 exitio
294 1316 427 1354 paene
469 1316 517 1341 ac
558 1302 668 1342 same
710 1303 893 1341 constitit
936 1308 999 1351 et,
1040 1315 1146 1354 quae
1178 1301 1331 1342 famem
1364 1304 1565 1355 sequitur,
1608 1317 1743 1342 rerum

124 1374 308 1412 omnium
341 1374 454 1412 ruina
486 1373 625 1412 furiosi
658 1379 699 1412 et
731 1374 892 1412 externi
925 1380 966 1412 et
997 1372 1209 1413 infeliciter
1241 1373 1407 1426 superbi
1429 1374 1536 1425 regis
1559 1374 1744 1414 imitatio.

126 1458 251 1496 quem
289 1450 388 1483 tunc
426 1445 608 1483 animum
642 1443 874 1484 habuerunt
906 1443 978 1491 illi,
1022 1443 1170 1496 quibus
1203 1450 1289 1483 erat
1322 1444 1522 1484 mandata
1553 1443 1747 1484 frumenti

126 1514 276 1568 publici
309 1528 418 1563 cura,
459 1528 574 1563 saxa,
607 1514 771 1562 serrum,
804 1515 931 1567 ignes,
964 1513 1113 1554 Gaium
1148 1515 1389 1567 excepturi?
1432 1528 1596 1554 summa
1629 1515 1743 1554 dissi-

126 1585 352 1626 mulatione
384 1591 546 1625 tantum
580 1587 684 1624 inter
716 1586 874 1624 uiscera
905 1585 1069 1625 latentis
1102 1584 1198 1624 mali
1228 1585 1439 1637 tegebant,
1473 1599 1566 1624 cum
1590 1586 1747 1624 ratione
1767 1597 1799 1622 20

124 1656 287 1695 scilicet.
351 1657 557 1709 quaedam
601 1657 709 1695 enim
752 1656 1038 1708 ignorantibus
1081 1656 1214 1708 aegris
1247 1656 1427 1695 curanda
1459 1661 1578 1695 sunt:
1625 1669 1748 1695 causa

124 1726 262 1766 multis
296 1728 499 1766 moriendi
532 1726 603 1766 fuit
637 1727 832 1766 morbum
865 1726 985 1766 suum
1018 1740 1149 1766 nosse.

241 1797 355 1836 XIX.
406 1797 563 1849 Recipe
594 1804 636 1837 te
668 1798 722 1837 ad
753 1797 858 1837 haec
890 1797 1182 1849 tranquilliora,
1213 1798 1376 1845 tutiora,
1409 1798 1575 1836 maiora.
1618 1797 1747 1836 simile

123 1872 167 1905 tu
198 1873 320 1920 putas
353 1881 465 1915 esse,
508 1874 645 1907 utrum
680 1882 808 1916 cures,
841 1874 885 1908 ut
917 1869 1199 1920 incorruptum
1233 1875 1274 1907 et
1306 1881 1329 1906 a
1360 1867 1504 1907 fraude
1536 1867 1745 1907 aduehen-

123 1938 226 1977 tium
259 1945 300 1978 et
332 1952 356 1977 a
388 1938 652 1990 neglegentia
683 1940 936 1978 frumentum
969 1937 1278 1978 transfundatur
1310 1939 1348 1978 in
1381 1938 1541 1986 horrea,
1574 1951 1624 1977 ne
1648 1952 1745 1977 con-
1767 1951 1799 1976 25

124 2015 247 2061 cepto
292 2022 438 2048 umore
470 2010 633 2048 uitietur
665 2016 706 2048 et
739 2009 1022 2057 concalescat,
1067 2015 1109 2048 ut
1141 2010 1196 2048 ad
1229 2023 1466 2049 mensuram
1498 2010 1748 2062 pondusque

128 2174 140 2206 1
178 2175 219 2204 ad
254 2174 352 2206 beata
385 2175 452 2206 uita
487 2181 560 2214 apte
594 2184 710 2204 reuoca
746 2171 843 2213 cod.,
882 2172 949 2207 sed
973 2175 1039 2205 11115,
1066 2180 1140 2215 apte
1166 2185 1198 2205 re
1224 2173 1258 2206 2'72
1286 2182 1434 2211 rasura,
1469 2173 1519 2206 ila
1547 2179 1601 2213 uc,
1629 2180 1745 2206 ulrum

122 2262 196 2298 apte
222 2267 268 2289 au
294 2261 371 2298 apto
394 2255 519 2298 fuerit,
543 2265 674 2300 parum
702 2261 878 2300 appareat
1000 2256 1019 2288 3
1054 2240 1200 2293 studeozt
1233 2256 1415 2288 liberam-1³(-
1560 2255 1581 2288 4
1617 2257 1748 2287 deerunt

122 2341 225 2380 (erunt
251 2338 286 2371 iu
314 2337 403 2380 ras.)
525 2337 545 2371 6
571 2339 740 2380 portandis
766 2335 936 2382 Illadul'y:
966 2339 1174 2380 exportandis
1295 2313 1467 2370 honeribus
1500 2339 1534 2380 (h
1560 2347 1747 2383 suprascr.

122 2433 165 2457 m.
192 2422 278 2463 rec.)
432 2420 451 2454 ’ἶ
484 2405 552 2463 qu¹s
705 2419 726 2454 8
761 2421 803 2452 ad
830 2423 919 2453 tanti}
947 2424 977 2452 te
1002 2421 1092 2454 mole
1119 2422 1249 2452 obicere
1277 2420 1301 2463 (t
1325 2425 1409 2465 post
1435 2421 1487 2459 ad,
1513 2422 1544 2459 ἑῑ,
1573 2424 1592 2453 ὃ
1618 2421 1748 2452 obicere

120 2515 154 2548 iu
182 2517 270 2558 ras.)
397 2515 437 2549 10
460 2516 646 2557 mitigastur
673 2518 700 2555 (s
728 2514 857 2557 deleta)
980 2526 1076 2557 prece
1200 2515 1239 2548 11
1277 2526 1368 2546 cesar
1394 2486 1475 2556 perit
1599 2515 1640 2548 12
1673 2526 1746 2557 gra-

122 2575 250 2606 uissime
278 2573 352 2608 E¹z
381 2575 564 2616 gratissime
732 2575 819 2615 quod
846 2575 968 2616 populo
995 2575 1146 2605 Romano
1173 2575 1358 2615 superstite,
1393 2574 1547 2605 dicebant
1574 2571 1743 2618 llladut'q:

95 2654 100 2662 '
120 2658 208 2698 quod
234 2653 363 2688 dicebat
390 2659 420 2688 P.
444 2658 482 2689 R.
509 2668 603 2698 super
628 2658 699 2688 stite
826 2657 862 2689 123
889 2667 948 2697 sup
968 2667 1036 2688 esse
1160 2657 1199 2689 14
1227 2640 1352 2698 imperi¹
1380 2656 1437 2699 (m.
1456 2666 1526 2690 rec.
1546 2656 1745 2700 suprascr.)

266 2716 306 2748 16
333 2717 433 2748 exitii-1
460 2717 496 2756 (Π
523 2716 557 2748 in
584 2716 671 2756 ras.)
700 2726 781 2757 pene
808 2726 846 2746 ac
873 2716 959 2755 fame
1088 2715 1123 2748 lc<
1159 2716 1263 2756 Quem
1389 2716 1429 2748 15³
1464 2726 1550 2747 cura.
1578 2717 1609 2758 (a
1636 2713 1745 2756 corr.)

262 2776 422 2817 excepturi
435 2787 455 2804 ,τ-
577 2774 904 2819 lnccrpumrtioncm
932 2774 1096 2808 correxit
1118 2772 1238 2813 Gertz,
1265 2772 1372 2818 nul-qo
1391 2776 1488 2805 cura?
1515 2785 1591 2805 saxa
1610 2801 1617 2807 .
1638 2801 1645 2807 .
1666 2800 1673 2807 .
1694 2785 1745 2804 ex-

1548 2832 1614 2856 1111111

122 2870 243 2910 cepturi
271 2879 396 2899 summa
517 2869 554 2901 ’31
587 2880 682 2899 causa
709 2870 741 2910 (a
769 2875 861 2902 eoell'.
891 2870 1000 2908 cortu)
1123 2867 1165 2900 24
1193 2852 1372 2900 erasi-aude
1492 2869 1535 2900 ‘20'
1570 2879 1626 2899 ore

1398 2926 1461 2959 16*
