2008 3221
199 877 228 902 lo

201 1231 229 1255 15

198 1584 231 1609 2⁴)

250 135 333 176 228
556 130 658 157 DIAL.
678 130 714 157 X.
754 130 807 154 AD
830 129 1031 154 PAVLINVM
1054 129 1105 154 DE
1127 129 1350 155 BREVITATE
1369 130 1499 158 VITAE.
1538 132 1564 158 7.

250 229 361 268 uelut
404 227 605 267 inculcata
646 226 810 279 respuit.
872 224 968 264 nihil
1011 226 1144 265 minus
1187 230 1250 264 est
1290 225 1469 266 hominis
1513 227 1703 279 occupati
1745 239 1870 279 quam

249 302 399 339 uiuere.
466 296 612 337 nullius
639 297 721 336 -rei
775 296 975 336 difficilior
1027 297 1196 335 scientia
1248 303 1322 337 est.
1390 297 1649 349 professores
1702 298 1872 337 aliar-um

249 371 397 410 artium
441 367 567 420 uolgo
609 367 811 419 multique
855 373 961 407 sunt.
1025 368 1231 419 quasdam
1265 381 1364 407 uero
1398 381 1452 406 ex
1484 367 1547 407 his
1579 369 1694 420 pueri
1725 369 1871 408 admo-

250 442 350 479 dum
383 441 439 479 ita
470 439 705 492 percepisse
738 438 810 477 uisi
842 444 957 486 sunt,
992 444 1037 478 ut
1070 439 1195 477 etiam
1229 439 1470 490 praecipere
1501 445 1700 491 possent:
1737 440 1875 478 uiuere

248 518 340 551 tota
372 512 456 550 uita
498 510 742 549 discendum
776 515 839 548 est
873 515 937 556 et,
980 509 1095 561 quod
1129 511 1262 560 magis
1295 508 1472 549 fortasse
1506 510 1740 558 miraberis,
1784 516 1875 550 tota

249 583 332 621 uita
365 581 609 620 discendum
650 586 713 620 est
756 580 873 619 mori.
935 586 1000 618 tot
1043 580 1216 618 maximi
1249 580 1321 619 uiri
1354 580 1502 619 relictis
1535 580 1728 620 omnibus
1760 581 1872 633 inpe-
1901 590 1920 623 4

249 652 454 699 dimentis,
488 665 581 690 cum
607 651 767 697 diuitiis,
802 649 958 697 officiis,
992 649 1275 702 uoluptatibus
1296 652 1611 699 renuntiassent,
1644 651 1725 691 hoc
1748 665 1875 690 unum

248 724 286 762 in
330 729 567 763 extremam
611 735 741 774 usque
786 727 968 760 aetatem
1012 727 1207 772 egerunt,
1252 727 1295 760 ut
1338 721 1476 761 uiuere
1517 723 1693 761 scirent:
1739 721 1876 774 plures

249 800 389 833 tamen
432 806 486 832 ex
530 792 592 831 his
631 792 820 831 nondum
854 804 899 831 se
931 792 1034 830 scire
1067 791 1242 831 confessi
1274 792 1360 831 uita
1392 791 1602 840 abierunt,
1643 794 1798 832 nedum
1833 799 1877 832 ut

250 865 312 903 isti
345 864 485 903 sciant.
529 863 681 914 magni,
715 862 812 901 mihi
847 863 982 909 crede,
1015 868 1055 901 et
1088 876 1212 914 supra
1241 861 1447 901 humanos
1476 877 1638 902 errores
1660 864 1876 904 eminentis

250 937 322 974 uiri
365 941 427 974 est
470 933 568 973 nihil
611 947 665 972 ex
707 947 783 972 suo
826 939 1019 985 tempore
1057 933 1228 972 delibari
1267 934 1410 974 sinere.
1474 940 1515 973 et
1547 935 1642 973 ideo
1676 935 1761 974 eius
1793 937 1877 974 uita

249 1006 491 1058 longissima
523 1011 605 1051 est,
649 1005 765 1056 quia,
808 1010 1194 1056 quantumcumque
1226 1005 1379 1056 patuit,
1423 1011 1561 1045 totum
1596 1006 1671 1058 ipsi
1702 1007 1876 1046 uacauit.

249 1077 346 1116 nihil
389 1078 485 1115 inde
524 1075 722 1115 incultum
757 1076 1024 1128 otiosumque
1056 1076 1199 1124 iacuit,
1242 1076 1338 1115 nihil
1371 1076 1448 1115 sub
1481 1076 1561 1115 alio
1593 1075 1679 1117 fuit.
1741 1091 1877 1130 neque

250 1149 358 1187 enim
402 1148 622 1200 quicquam
667 1147 848 1198 repperit
893 1147 1087 1199 dignum,
1131 1147 1247 1198 quod
1292 1160 1386 1186 cum
1429 1153 1623 1199 tempore
1665 1161 1741 1187 suo
1782 1161 1874 1200 per-

251 1224 432 1258 mutaret
476 1224 617 1258 custos
660 1218 746 1257 eius
790 1218 1066 1269 parcissimus.
1130 1218 1270 1269 itaque
1312 1219 1410 1257 satis
1452 1204 1507 1257 illi
1546 1217 1642 1257 fuit:
1689 1218 1734 1258 iis
1777 1232 1877 1258 uero

252 1303 420 1329 necesse
454 1295 517 1328 est
551 1288 750 1336 defuisse,
795 1302 848 1327 ex
882 1302 1060 1340 quorum
1095 1289 1180 1328 uita
1212 1288 1389 1328 multum
1423 1288 1603 1340 populus
1635 1289 1738 1329 tulit.
1801 1303 1878 1329 nec

251 1367 314 1400 est
357 1361 470 1413 quod
514 1367 636 1412 putes
679 1372 762 1398 non
805 1359 895 1398 illos
939 1359 1160 1411 aliquando
1204 1359 1444 1411 intellegere
1487 1360 1688 1400 damnum
1728 1374 1874 1400 suum:

250 1431 473 1484 plerosque
505 1437 617 1470 certe
649 1431 790 1469 audies
823 1444 876 1469 ex
910 1430 993 1478 his,
1037 1444 1143 1482 quos
1176 1443 1330 1482 magna
1362 1429 1532 1470 felicitas
1564 1436 1731 1482 grauat,
1774 1431 1880 1470 inter

253 1502 460 1542 clientium
514 1515 664 1553 greges
716 1507 787 1540 aut
840 1514 1057 1540 causarum
1111 1503 1294 1540 actiones
1347 1507 1417 1540 aut
1469 1507 1628 1540 ceteras
1680 1499 1880 1540 honestas

253 1573 436 1612 miserias
480 1572 717 1612 exclamare
759 1572 988 1611 interdum:
1037 1573 1175 1611 uiuere
1208 1571 1307 1611 mihi
1339 1585 1422 1611 non
1455 1571 1560 1611 licet.
1623 1571 1764 1624 quidni
1796 1585 1880 1611 non

251 1644 398 1683 liceat?
443 1657 589 1683 omnes
632 1643 706 1690 illi,
749 1643 817 1696 qui
850 1650 892 1682 te
924 1643 999 1682 sibi
1032 1644 1266 1690 aduocant,
1298 1642 1372 1682 tibi
1405 1638 1628 1682 abducunt.
1690 1642 1756 1682 ille
1787 1656 1880 1682 reus

252 1721 355 1767 quot
387 1714 473 1754 dies
506 1714 703 1753 abstulit?
737 1722 841 1766 quot
875 1714 940 1753 ille
973 1715 1248 1753 candidatus?
1292 1720 1395 1767 quot
1427 1713 1493 1753 illa
1525 1728 1627 1753 anus
1660 1713 1880 1753 efferendis

206 1838 216 1842 ἣ
252 1785 475 1825 heredibus
524 1785 658 1824 lassa?
711 1792 815 1837 quot
863 1785 928 1824 ille
979 1786 1033 1824 ad
1075 1785 1324 1824 inritandam
1368 1785 1580 1824 auaritiam
1624 1785 1879 1837 captantium

253 1856 468 1895 simulatus
501 1858 652 1908 aeger?
695 1862 800 1908 quot
833 1856 897 1895 ille
929 1857 1142 1909 potentior
1173 1856 1348 1904 amicus,
1380 1856 1449 1907 qui
1482 1869 1558 1894 uos
1590 1869 1675 1894 non
1707 1855 1745 1894 in
1778 1856 1878 1895 ami-

200 1939 232 1962 -'›
254 1928 413 1975 citiam,
457 1928 530 1966 sed
573 1928 612 1966 in
645 1927 894 1979 adparatum
927 1927 1081 1966 habet?
1135 1927 1361 1978 dispunge,
1405 1928 1594 1979 inquam,
1638 1932 1679 1965 et
1712 1939 1881 1966 recense

253 1999 362 2037 uitae
404 2004 499 2037 tuae
541 1998 654 2037 dies:
702 1998 862 2037 uidebis
904 2012 1059 2050 paucos
1105 1999 1338 2037 admodum
1381 2004 1421 2037 et
1468 1997 1641 2037 reiculos
1685 1998 1795 2049 apud
1838 2003 1880 2037 te

254 2069 466 2108 resedisse.
533 2069 754 2108 adsecutus
795 2068 861 2108 ille
902 2083 1009 2121 quos
1052 2075 1271 2122 optauerat
1315 2068 1446 2108 fasces
1488 2069 1599 2121 cupit
1640 2082 1798 2122 ponere
1839 2075 1881 2108 et

254 2141 429 2179 subinde
475 2140 596 2179 dicit:
652 2140 822 2191 quando
875 2139 939 2178 hic
991 2154 1120 2179 annus
1175 2140 1441 2191 praeteribit?
1494 2139 1590 2179 facit
1641 2139 1706 2179 ille
1749 2139 1879 2188 ludos,

253 2224 430 2263 quorum
464 2216 622 2250 sortem
656 2211 731 2249 sibi
765 2210 983 2262 obtingere
1016 2224 1171 2262 magno
1204 2211 1464 2250 aestimauit:
1509 2212 1698 2263 quando,
1739 2211 1880 2263 inquit,

256 2448 274 2479 :3
303 2447 398 2487 uulgo
520 2446 539 2476 Γ»
576 2446 746 2477 miraberis
773 2443 852 2479 cod.
878 2446 1039 2477 mirabere
1065 2443 1174 2490 uulgso
1319 2447 1339 2478 ti
1374 2446 1615 2488 impedimentis
1761 2448 1780 2479 9
1815 2447 1880 2478 uita

256 2504 474 2539 clatet-iores:
506 2506 572 2536 uitii
742 2504 778 2537 rll
821 2505 958 2535 delibari
984 2505 1087 2536 sinere
1114 2503 1331 2538 deteriores:
1360 2505 1498 2536 delibari
1524 2506 1591 2536 sine
1615 2506 1718 2537 sinere

263 2564 298 2597 13
333 2566 536 2604 otiosumque
571 2562 684 2608 Neap.
720 2565 816 2595 iacuit
853 2562 1049 2597 Gruterus:
1087 2565 1368 2604 oliumq.uacauit
1404 2564 1570 2608 (praeler
1596 2565 1639 2595 uit
1672 2563 1706 2597 iu
1740 2574 1833 2606 ras„
1863 2575 1880 2595 a

1384 2627 1386 2629 ’
1726 2622 1744 2647 h

255 2662 337 2692 (mle
363 2670 380 2689 u
403 2662 521 2702 poles!
543 2656 660 2701 filisse
679 2660 710 2694 c)
836 2657 877 2690 15>
904 2658 955 2688 his
1083 2657 1119 2690 lT
1146 2668 1210 2688 non
1230 2655 1401 2700 flladuiss:
1431 2658 1505 2689 hinc
1633 2659 1670 2690 15
1697 2659 1762 2689 exis

255 2742 298 2775 223
334 2741 491 2772 irritanda
518 2744 612 2780 rante
639 2742 658 2771 d
681 2751 804 2784 parua
831 2740 919 2782 ras.)
946 2723 1082 2772 auaritia
1233 2739 1277 2773 24
1309 2745 1386 2780 quot
1413 2740 1465 2771 ille
1492 2738 1707 2774 deteriores:
1738 2751 1802 2781 quo
1829 2740 1882 2771 ille

397 2800 441 2833 ρι’)
469 2801 499 2830 in
527 2803 718 2840 apparatum
746 2798 963 2832 delet-iores:
994 2800 1200 2840 inapparatus
1221 2799 1248 2839 (s
1266 2810 1289 2831 a
1308 2809 1402 2832 corr.
1422 2797 1560 2840 addila)
1683 2799 1727 2832 215
1746 2799 1882 2830 reiculos

258 2858 328 2892 E²z
359 2859 511 2890 ridiculos
634 2862 741 2899 aputte
769 2860 791 2899 (t
817 2858 922 2901 prior
948 2868 1042 2891 corr.
1071 2858 1103 2890 iu
1132 2858 1167 2894 d)
1290 2860 1333 2891 2¹.)
1368 2859 1529 2888 estimauit

1905 1299 1924 1329 (ἱ
