2008 3221
267 118 343 156 105
552 114 653 140 MAI„
677 114 724 139 vl.
764 114 818 139 ΑΙ)
840 114 1026 139 MAROEAM
1050 114 1101 138 DE
1122 114 1444 142 etmsohA'rNJNE.
1487 117 1510 142 ἶ.
1533 122 1556 142 ⁸«.
1580 118 1604 143 ἕ).

261 218 346 252 tam
391 212 498 251 uiros
541 223 665 262 quam
700 209 868 250 feminas
900 216 1000 250 uret.
1064 210 1214 250 serrum
1247 212 1286 250 in
1319 212 1433 252 omni
1465 226 1641 266 corpore
1673 213 1891 254 exhibebit

259 284 427 322 secandi
470 281 712 335 potentiam.
776 283 930 333 quare?
984 282 1078 334 quia
1121 281 1226 321 uires
1269 281 1341 322 illis
1373 297 1398 323 a
1430 290 1577 324 natura
1619 285 1743 324 datae
1784 290 1889 333 sunt,

261 367 366 406 quae
399 352 495 392 nihil
527 353 565 391 in
589 365 813 405 personam
837 352 1056 392 constituit.
1100 359 1402 406 paupertatem,
1425 353 1594 404 luctum,
1617 355 1888 395 ambitionem

259 423 357 463 alius
400 423 516 462 aliter
560 423 705 470 sentit,
747 429 871 475 prout
914 422 1025 462 illum
1069 424 1330 464 consuetudo
1372 424 1520 464 infecit.
1583 432 1623 465 et
1655 425 1889 466 inbecillum

222 495 610 547 :winpatientemque
653 494 790 533 reddit
833 500 1103 546 praesumpta
1145 495 1285 547 opinio
1328 496 1381 534 de
1422 509 1507 536 non
1549 497 1742 536 timendis
1774 497 1888 536 terri-

209 860 236 883 w

208 1214 236 1237 15

206 1569 238 1593 20

260 564 419 604 bilibus.
829 618 834 624 .

375 635 485 674 VIII.
540 635 704 674 Deinde
736 636 850 687 quod
874 635 1059 675 naturale
1081 642 1154 688 est,
1188 649 1271 676 non
1294 636 1496 676 decrescit
1519 650 1660 677 mora:
1699 637 1889 678 dolorem

257 707 344 745 (lies
376 706 503 758 longa
535 706 752 746 consumit.
814 706 907 745 licet
939 707 1374 756 contumacissimum‚
1418 708 1569 748 cotidie
1607 708 1889 760 insurgentem

257 784 298 817 et
351 784 497 817 contra
550 778 735 817 remedia
786 777 1150 825 efferuescentem,
1203 785 1343 819 tamen
1395 778 1507 818 illum
1561 772 1888 819 efficacissimum

258 848 513 899 mitigandae
544 848 721 888 ferociae
754 854 921 901 tempus
954 855 1135 889 eneruat.
1199 856 1341 890 manet
1373 851 1543 902 quidem
1585 850 1679 899 tibi,
1724 850 1889 899 Marcia,

258 920 383 959 etiam
417 933 524 958 nunc
556 919 702 971 ingens
734 919 896 959 tristitia
930 926 971 959 et
1004 920 1084 959 iam
1119 920 1281 960 uidetur
1314 921 1482 960 duxisse
1515 920 1676 969 callum,
1710 935 1793 961 non
1825 920 1892 961 illa

257 991 475 1038 concitata,
508 989 638 1043 qualis
671 991 784 1030 initio
817 989 901 1038 fuit,
933 991 1009 1030 sed
1041 991 1233 1043 pertinax
1267 998 1309 1031 et
1340 992 1574 1032 obstinata:
1611 998 1753 1032 tamen
1786 991 1892 1032 hanc

256 1076 423 1114 quoque
456 1062 529 1101 tibi
563 1067 678 1101 aetas
711 1061 945 1101 minutatim
975 1062 1144 1102 eximet.
1197 1063 1390 1115 quotiens
1420 1062 1530 1103 aliud
1552 1065 1698 1115 egeris,
1731 1063 1891 1103 animus

257 1132 521 1172 relaxabitur.
575 1146 683 1172 nunc
715 1139 757 1172 te
789 1132 879 1185 ipsa
912 1133 1104 1172 custodis.
1157 1133 1335 1173 multum
1367 1139 1507 1173 autem
1539 1134 1720 1182 interest,
1752 1140 1890 1173 utrum

257 1203 329 1242 tibi
381 1204 598 1256 permittas
651 1217 837 1243 maerere
889 1217 940 1243 an
990 1206 1163 1256 inperes.
1225 1210 1383 1257 quanto
1426 1205 1558 1257 magis
1601 1204 1683 1244 hoc
1725 1218 1890 1245 morum

257 1280 423 1314 tuorum
478 1274 708 1327 elegantiae
761 1275 976 1323 conuenit,
1028 1275 1152 1315 finem
1206 1275 1337 1315 luctus
1389 1276 1526 1328 potius
1578 1275 1713 1316 facere
1764 1290 1889 1329 quam

258 1351 506 1398 expectare,
548 1359 624 1385 nec
667 1345 780 1385 illum
813 1346 992 1399 opperiri
1025 1346 1158 1394 diem,
1200 1360 1284 1399 quo
1318 1353 1359 1386 te
1391 1347 1516 1386 inuita
1549 1347 1672 1387 dolor
1703 1347 1889 1387 desinat?

258 1417 346 1470 ipsa
377 1416 429 1456 illi
462 1419 658 1457 renuntia.

377 1488 447 1528 IX.
503 1488 629 1528 Vnde
667 1501 769 1539 ergo
802 1495 917 1529 tanta
949 1488 1070 1528 nobis
1101 1488 1325 1541 pertinacia
1356 1489 1395 1528 in
1429 1488 1718 1541 deploratione
1750 1488 1891 1537 nostri,

258 1559 290 1597 si
332 1559 373 1598 id
416 1573 501 1598 non
542 1559 588 1599 fit
631 1566 802 1600 naturae
844 1560 980 1599 iussu?
1033 1560 1162 1612 quod·
1192 1558 1289 1598 nihil
1330 1559 1452 1599 nobis
1504 1559 1619 1608 mali,
1670 1566 1893 1612 antequam

259 1630 432 1678 eueniat,
465 1631 759 1683 proponimus,
801 1632 874 1670 sed
908 1636 952 1670 ut
985 1631 1174 1670 inmunes
1206 1631 1281 1683 ipsi
1315 1637 1357 1671 et
1389 1630 1474 1671 aliis
1506 1631 1692 1683 pacatius
1724 1631 1895 1683 ingressi

258 1702 333 1741 iter
385 1701 524 1741 alienis
578 1716 661 1741 non
715 1703 994 1742 admonemur
1036 1702 1198 1741 casibus
1242 1701 1332 1741 illos
1375 1715 1466 1741 esse
1508 1716 1766 1744 communes.
1829 1707 1893 1741 tot

258 1778 423 1825 practer
466 1773 640 1812 domum
675 1779 862 1813 nostram
897 1774 1103 1812 ducuntur
1135 1773 1361 1825 exequiae:
1399 1773 1462 1812 'de
1495 1779 1631 1812 morte
1663 1786 1747 1812 non
1780 1773 1892 1824 cogi-

259 1850 406 1883 tamus.
471 1850 535 1883 tot
574 1844 725 1884 acerba
763 1844 930 1884 funera:
977 1858 1054 1884 nos
1087 1850 1233 1896 togam
1266 1850 1504 1883 nostrorum
1539 1843 1774 1892 infantium,
1819 1857 1895 1883 nos

228 1926 239 1947 '›
261 1914 445 1953 militiam
480 1920 521 1953 et
553 1921 752 1966 paternae
784 1914 1025 1954 hereditatis
1058 1915 1365 1954 successionem
1399 1916 1607 1966 agitamus
1629 1916 1780 1955 animo.
1833 1921 1896 1954 tot

260 1986 432 2024 diuitum
478 1985 614 2025 subita
655 1992 879 2039 paupertas
922 1986 960 2025 in
1002 1985 1146 2025 oculos
1190 1986 1329 2025 incidit
1368 1992 1408 2025 et
1442 1985 1562 2025 nobis
1595 1999 1822 2038 numquam
1856 1986 1895 2024 in

262 2062 446 2096 mentem
502 2057 611 2096 uenit
663 2064 826 2097 nostras
879 2071 1047 2110 quoque
1100 2070 1202 2109 opes
1251 2070 1383 2110 aeque
1425 2057 1463 2096 in
1507 2056 1666 2096 lubrico
1709 2057 1890 2109 positas:

262 2207 342 2242 epp.
379 2199 441 2239 24,
483 2199 517 2229 ll
565 2199 670 2228 omnis
711 2198 834 2229 ordinis
876 2199 1024 2229 bombus
1067 2201 1256 2239 suggerent,
1298 2198 1405 2229 omnis
1441 2198 1605 2236 fortunae,
1642 2198 1747 2228 onmis
1781 2198 1895 2228 aetatis

392 2256 411 2289 ἶ.)
440 2257 500 2287 illi<
530 2256 658 2291 Gertz:
690 2257 733 2287 illi
865 2258 884 2289 33
912 2258 1010 2289 nichil
1134 2258 1348 2288 ambitionem
1375 2267 1500 2289 ‘uerum
1527 2266 1603 2290 esse
1629 2255 1769 2300 neqm'l;
1798 2257 1895 2287 orlia—

266 2317 385 2346 tioncm
422 2314 619 2349 Pincianus
658 2317 866 2348 amissionem
905 2316 1011 2350 Ger-l:
1055 2317 1300 2347 damnationem
1336 2314 1508 2359 Madne'q;
1553 2313 1783 2349 scribendum
1818 2324 1896 2348 esse

265 2373 408 2408 uidclm·
436 2376 689 2407 deminutionem
812 2376 830 2405 ἵ)
860 2376 1055 2407 terribilibus
1083 2373 1298 2408 Pincianus:
1329 2375 1478 2407 terribilis
1600 2373 1619 2407 7
1655 2375 1811 2405 decrescit
1837 2372 1896 2407 dc-

266 2433 418 2468 ter-iores
443 2433 624 2467 nonrmlli:
656 2435 842 2466 decrescere
860 2433 950 2474 cod„
969 2433 1068 2479 quod
1082 2444 1233 2468 seruarc
1251 2433 1366 2473 liceat,
1392 2433 1424 2467 si
1433 2437 1519 2478 post
1538 2434 1654 2464 deinde
1673 2431 1897 2467 inlercz'dz'sse

264 2496 464 2526 statuamus
500 2494 593 2530 uidc;
639 2494 825 2525 decrescere
860 2498 964 2535 potest
1002 2493 1063 2527 uel
1092 2497 1196 2535 potest
1231 2494 1418 2524 decrescere
1453 2491 1649 2525 deteriores
1683 2491 1747 2525 aliz·

263 2552 284 2583 8
312 2553 631 2583 contumacissimum
661 2553 796 2593 (cotidie
824 2554 1007 2594 insurgente-3
1035 2557 1063 2584 et
1090 2550 1170 2584 cont‘
1195 2552 1339 2583 remedia
1358 2553 1584 2584 csfcruesceme
1614 2552 1679 2582 [mii
1708 2551 1765 2583 illu
1786 2551 1895 2582 effica-

265 2612 428 2642 cissimum
457 2611 490 2643 in
520 2611 683 2655 mat-qino
708 2623 751 2647 m.
779 2611 854 2654 alc.)
993 2612 1023 2644 11
1056 2613 1121 2644 etia
1248 2611 1303 2642 illa
1330 2620 1421 2643 muts
1448 2608 1686 2643 deleriorecm:
1718 2610 1775 2643 illst

274 2670 308 2703 12
338 2671 427 2701 initio
454 2669 621 2714 Lipsius:
660 2672 689 2701 in
717 2671 772 2702 illo
897 2671 1061 2702 obstinata
1095 2668 1314 2704 deteriores:
1353 2670 1521 2701 obstinata]
1646 2669 1685 2701 133
1714 2670 1893 2700 minutatim

266 2730 403 2771 (minuta
429 2729 463 2762 in
487 2729 560 2772 fine
587 2739 679 2763 nors.
708 2730 741 2762 e'n
776 2735 865 2771 ras.)
1005 2730 1081 2761 aliut
1116 2729 1141 2771 (t
1167 2730 1202 2762 in
1230 2730 1250 2759 <l
1278 2729 1388 2769 corr.)
1535 2727 1569 2760 14
1603 2739 1685 2760 nunc
1713 2733 1744 2759 tc
1775 2727 1894 2762 Venel-

265 2786 324 2822 all.
341 2801 347 2818 ε
378 2790 433 2820 fite
454 2789 488 2825 (fi
509 2797 603 2821 corr.
623 2788 656 2820 in
677 2789 765 2830 ras.)
871 2789 907 2821 15
928 2792 1049 2820 merere
1135 2790 1259 2830 mperes
1357 2789 1401 2828 20
1420 2787 1519 2819 nichil
1618 2787 1661 2820 22
1682 2788 1895 2818 admonemur

265 2846 346 2880 alim
375 2852 594 2880 corrcclwn:
625 2848 778 2878 admonet
901 2848 944 2881 ²35)
972 2848 1160 2888 hereditatis

1917 855 1937 887 (ὗ

1919 1704 1939 1738 Ιύ
