1977 3231
322 129 424 154 DIAL.
446 128 498 155 xl.
538 129 592 154 AD
614 129 792 154 HELVIAM
815 130 985 155 MATREM
1008 130 1058 155 DE
1079 129 1399 156 CONSOLATIONE.
1439 130 1463 155 4.
1484 132 1509 155 5.
1638 132 1721 170 249

57 236 76 267 53
104 229 277 267 miseros
318 223 453 265 solent
495 216 640 264 faccre.
703 239 786 265 non
829 233 913 274 est,
954 227 1069 278 quod
1113 227 1166 265 de
1205 240 1271 265 me
1304 225 1389 265 aliis
1421 225 1590 264 credas:
1636 225 1724 277 ipse

102 297 195 345 tibi,
234 310 285 336 ne
317 296 415 348 quid
447 295 608 335 incertis
641 295 902 348 opinionibus
935 297 1206 349 perturberis,
1250 296 1384 336 indico
1419 309 1485 335 me
1517 309 1601 335 non
1634 309 1723 334 esse

103 368 310 407 miserum.
372 366 569 413 adiciam,
612 379 695 418 quo
739 367 920 406 securior
960 367 1034 413 sis,
1078 381 1129 406 ne
1172 366 1254 406 fieri
1298 366 1467 419 quidem
1501 380 1568 406 me
1600 379 1724 418 posse

103 438 311 477 miserum.

59 518 73 550 1
220 507 273 548 V.
314 507 433 547 Bona
465 508 710 546 condicione
743 508 870 558 geniti
902 521 1064 555 sumus,
1107 509 1139 547 si
1172 522 1264 547 eam
1297 521 1380 546 non
1413 507 1724 547 deseruerimus.
1746 522 1760 545 5

102 578 140 618 id
175 578 259 630 egit
292 591 428 617 rerum
461 584 625 625 natura,
660 584 703 616 ut
735 578 788 617 ad
821 578 930 617 bene
962 578 1184 617 uiuendum
1218 592 1302 617 non
1334 592 1490 630 magno
1523 579 1726 630 adparatu

101 662 207 702 opus
259 654 393 688 esset:
462 648 739 700 unusquisque
792 647 926 687 facere
974 661 1019 687 se
1066 647 1236 687 beatum
1279 654 1430 701 potest.
1504 648 1594 688 leue
1636 663 1724 688 mo-

103 725 290 758 mentum
334 719 373 758 in
406 718 647 758 aduenticiis
680 718 803 757 rebus
836 724 898 757 est
932 724 971 758 ct
1004 720 1119 770 quod
1152 720 1191 758 in
1222 725 1411 758 neutram
1444 726 1606 771 partem
1639 733 1724 759 ma-

102 803 205 841 gnas
237 790 344 828 uires
375 788 556 828 habeat:
602 802 678 828 nec
710 789 893 828 secunda
934 790 1165 842 sapientem
1210 789 1391 828 euehunt
1434 803 1510 828 nec
1552 791 1727 829 aduersa

103 861 338 899 demittunt.
401 858 607 898 laborauit
650 859 758 898 enim
801 872 987 912 semper,
1032 859 1156 899 utin
1198 874 1243 899 se
1285 859 1506 912 plurimum
1540 867 1725 913 poneret,
1751 873 1780 898 ιο

56 940 75 972 (ξ.

103 936 146 969 ut
179 944 203 969 a
235 944 279 969 se
311 943 438 969 omne
470 929 667 981 gaudium
710 936 882 982 peteret.
945 930 1042 983 quid
1085 933 1215 982 ergo?
1257 932 1488 984 sapientem
1532 945 1622 971 esse
1660 945 1728 970 me

103 1001 224 1041 dico?
268 1001 446 1040 minime.
508 1014 605 1040 nam
647 1001 689 1040 id
730 1002 899 1053 quidem
939 1001 971 1040 si
1002 1001 1187 1054 profiteri
1217 1015 1408 1055 possem,
1450 1015 1533 1040 non
1565 1008 1726 1042 tantum

103 1084 301 1124 negarem
335 1072 531 1111 miserum
563 1084 654 1111 6556
687 1085 765 1120 me,
798 1073 872 1111 sed
905 1073 1090 1111 omnium
1123 1062 1495 1111 fortunatissimum
1528 1079 1568 1111 et
1600 1074 1639 1111 in
1671 1073 1726 1112 ui-

103 1143 239 1182 cinum
272 1142 354 1182 deo
386 1143 634 1194 perductum
666 1143 976 1195 praedicarem:
1023 1156 1142 1190 nunc,
1175 1143 1289 1195 quod
1313 1144 1410 1182 satis
1433 1149 1495 1182 est
1518 1144 1570 1182 ad
1595 1143 1728 1182 omnis

104 1214 287 1253 miserias
318 1212 540 1260 leniendas,
573 1213 826 1265 sapientibus
859 1227 927 1252 me
959 1213 1052 1253 uiris
1075 1214 1171 1253 dedi
1195 1219 1236 1253 et
1259 1214 1446 1254 nondum
1470 1216 1509 1253 in
1532 1213 1728 1253 auxilium
1754 1224 1782 1248 15

105 1285 185 1323 mei
217 1283 374 1323 ualidus
406 1284 445 1323 in
478 1283 610 1323 aliena
642 1289 776 1323 castra
808 1283 996 1336 confugi,
1039 1298 1184 1324 eorum
1217 1284 1392 1333 scilicet,
1425 1286 1493 1337 qui
1532 1284 1648 1324 facile
1686 1298 1730 1324 56

57 1362 76 1396 3
104 1368 153 1394 ac
183 1368 282 1394 suos
313 1360 490 1394 tuentur.
544 1354 597 1393 illi
631 1368 697 1393 me
729 1355 932 1394 iusserunt
963 1361 1074 1394 stare
1105 1356 1278 1395 adsidue
1310 1355 1421 1395 uelut
1453 1355 1491 1394 in
1524 1355 1729 1408 praesidio

104 1425 286 1477 positum
331 1431 372 1464 et
415 1426 550 1464 omnis
592 1432 765 1464 conatus
808 1425 997 1465 fortunae
1040 1432 1079 1465 et
1123 1426 1257 1466 omnis
1298 1427 1461 1479 inpetus
1493 1426 1730 1478 prospicere

106 1495 238 1535 multo
271 1501 367 1535 ante
399 1509 524 1547 quam
557 1496 774 1535 incurrant.
827 1496 901 1535 illis
934 1497 1070 1548 grauis
1103 1502 1178 1545 est,
1210 1496 1606 1549 quibus'repentina
1639 1502 1724 1535 est:

106 1566 221 1606 facile
254 1580 346 1606 eam
379 1567 562 1614 sustinet,
595 1567 663 1618 qui
695 1580 862 1619 semper
895 1573 1103 1620 expectat.
1157 1581 1253 1607 nam
1287 1574 1328 1607 et
1359 1567 1541 1607 hostium
1574 1568 1728 1606 aduen-
1750 1576 1784 1601 ’Συ

105 1644 171 1677 tus
212 1650 286 1676 eos
328 1630 573 1689 prosternit,
616 1651 722 1690 quos
764 1639 1011 1690 inopinantis
1053 1639 1296 1690 occupauit:
1345 1645 1387 1678 at
1419 1639 1486 1691 qui
1518 1637 1655 1678 futuro
1688 1650 1732 1676 se

105 1707 216 1746 bello
258 1713 355 1747 ante
397 1707 553 1747 bellum
596 1715 866 1760 parauerunt,
919 1710 1126 1761 conpositi
1168 1715 1209 1748 et
1251 1710 1380 1762 aptati
1422 1710 1622 1762 primum,
1664 1709 1732 1761 qui

58 1784 77 1817 4
105 1778 499 1818 tumultuosissimus
541 1784 624 1827 est,
668 1779 795 1818 ictum
828 1779 944 1819 facile
977 1781 1197 1832 excipiunt.
1260 1793 1489 1832 numquam
1534 1793 1615 1831 ego
1650 1778 1729 1818 for-

105 1856 228 1889 tunae
261 1850 428 1897 credidi,
461 1850 587 1889 etiarn
620 1863 714 1890 cum
748 1851 955 1890 uideretur
987 1864 1135 1902 pacem
1168 1863 1304 1902 agere.
1357 1851 1497 1890 omnia
1518 1849 1594 1897 illa,
1627 1863 1732 1901 quae

106 1921 144 1960 in
177 1933 244 1960 me
275 1919 630 1973 indulgentissime
662 1920 925 1969 conferebat,
957 1922 1196 1973 pecuniam,
1229 1920 1431 1968 honores,
1464 1921 1647 1973 gratiam,
1681 1934 1732 1959 eo
1753 1930 1785 1954 25

105 1990 199 2031 loco
242 1991 381 2044 posui,
435 1992 544 2031 unde
586 1998 730 2043 posset
772 1994 858 2031 sine
896 1998 1014 2032 motu
1057 2006 1153 2032 meo
1202 1999 1400 2044 repetere.
1473 1990 1731 2031 interuallum

106 2062 211 2102 inter
253 2061 320 2101 illa
352 2067 394 2102 et
426 2075 494 2101 me
527 2075 726 2114 magnum
760 2062 896 2102 habui.
958 2064 1096 2116 itaque
1129 2062 1297 2103 abstulit
1329 2062 1415 2112 illa,
1457 2076 1540 2102 non
1573 2061 1731 2102 auolsit.

105 2133 314 2172 neminem
357 2133 533 2172 aduersa
575 2131 740 2172 fortuna
772 2134 1034 2181 comminuit,
1078 2134 1152 2173 nisi
1184 2147 1310 2186 quem
1342 2134 1526 2173 secunda
1558 2133 1733 2185 decepit.

60 2209 79 2239 J>
106 2203 156 2243 illi
189 2204 256 2255 qui
289 2216 462 2242 munera
494 2203 578 2242 eius
612 2202 722 2242 uelut
754 2217 827 2243 sua
860 2210 901 2243 et
933 2210 1134 2256 perpetua
1166 2210 1431 2251 amauerunt,
1470 2204 1538 2255 qui
1570 2217 1614 2243 se
1646 2218 1731 2243 sus-

106 2275 184 2328 pici
216 2279 389 2326 propter
420 2273 486 2313 illa
509 2273 739 2322 uoluerunt,
771 2275 906 2314 iacent
929 2281 970 2314 et
993 2281 1191 2322 maerent,
1225 2288 1318 2314 curn
1342 2288 1471 2314 uanos
1495 2280 1535 2314 et
1558 2275 1733 2327 pueriles
1754 2284 1786 2307 2⁵⁰

107 2345 279 2391 animos,
313 2344 446 2383 omnis
478 2343 635 2384 solidae
668 2344 892 2397 uoluptatis
925 2346 1108 2397 ignarOS,
1141 2344 1241 2384 falsa
1274 2351 1315 2384 et
1347 2344 1517 2384 mobilia
1549 2345 1731 2384 oblecta-

108 2421 250 2454 menta
292 2415 544 2454 destituunt:
592 2421 634 2454 at
675 2414 760 2462 ille,
803 2416 871 2467 qui
913 2429 957 2454 se
990 2415 1106 2455 laetis
1149 2416 1271 2455 rebus
1314 2429 1397 2454 non
1441 2415 1616 2463 inflauit,
1659 2429 1735 2455 nec

108 2487 276 2525 mutatis
319 2484 537 2524 contrahit.
609 2486 808 2525 aduersus
851 2492 1071 2538 utrumque
1113 2492 1269 2525 statum
1311 2486 1508 2525 inuictum
1551 2487 1733 2525 animum

107 2562 221 2595 tenet
254 2550 499 2608 exploratae
531 2557 612 2594 iarn
646 2554 861 2596 firmitatis.
914 2570 1011 2596 nam
1044 2557 1083 2595 in
1115 2557 1203 2609 ipsa
1235 2555 1428 2595 felicitate
1459 2556 1558 2608 quid
1592 2562 1735 2595 contra

61 2630 80 2663 6
106 2625 385 2665 infelicitatem
419 2624 585 2673 ualeret,
618 2632 818 2679 expertus
851 2632 924 2666 est.
980 2627 1117 2679 itaque
1150 2640 1231 2678 ego
1264 2627 1303 2665 in
1335 2625 1418 2674 illis,
1447 2640 1554 2678 quae
1586 2639 1733 2665 omnes
1755 2637 1787 2659 επ)

108 2754 127 2787 (j
155 2758 312 2795 apparatu
433 2752 452 2783 9
479 2764 537 2785 nec
564 2741 606 2797 (le
635 2755 775 2795 secunda
904 2755 937 2787 11
976 2760 1006 2785 ut
1026 2766 1043 2785 a
1063 2765 1095 2786 se
1116 2753 1243 2787 Gerlz:
1273 2755 1337 2785 uita
1363 2765 1396 2786 sc
1525 2754 1561 2789 lo*
1597 2755 1733 2797 impetus·

359 2817 387 2836 ta

202 2846 243 2879 31
273 2847 412 2889 uoluptis
