2008 3221
254 123 307 164 28
618 117 722 144 DIAL.
751 116 787 143 ΙΙ.
816 115 869 140 AD
897 113 1088 140 SERENVM
1113 112 1191 138 NEC
1218 112 1406 138 INIVRIAM
1433 112 1510 138 NEC

252 223 405 268 quanta
438 221 576 254 autem
602 212 812 253 dementia
836 217 898 250 est
921 210 1067 249 iisdem
1090 210 1221 248 modo
1245 208 1453 257 delectari,
1487 209 1618 249 modo
1643 210 1807 257 offendi,
1831 215 1873 249 et

252 300 338 326 rem
352 286 405 326 ab
418 285 551 324 amico
567 284 721 323 dictam
735 280 1002 321 maledictum
1017 294 1179 328 uocare,
1198 294 1223 319 a
1238 279 1402 319 seruulo
1423 280 1603 320 ioculare
1618 281 1874 320 conuicium?

369 355 458 395 XII.
510 352 887 406 Quem'animum
929 365 1006 390 nos
1049 352 1248 390 aduersus
1290 364 1442 403 pueros
1485 351 1713 399 habemus,
1766 351 1916 391 hunc]

250 428 412 479 sapiens
453 425 652 464 aduersus
695 436 860 469 omnes,
913 422 1062 474 quibus
1104 422 1229 461 etiarn
1272 428 1369 474 post
1410 422 1621 461 iuuentam
1665 436 1876 474 canosque

215 516 229 539 5
249 496 456 549 puerilitas
490 501 562 534 est.
625 508 677 533 an
709 493 932 545 quicquam
966 493 1029 532 isti
1064 487 1341 545 profecerunt,
1375 493 1524 544 quibus
1556 492 1720 545 puerilis
1753 494 1875 532 animi

250 567 357 606 mala
399 572 493 605 sunt
539 565 731 616 auctique
773 565 813 603 in
856 564 988 603 maius
1032 577 1210 611 errore5‚
1253 564 1321 615 qui
1365 578 1389 602 a
1419 564 1556 615 pueris
1589 564 1876 615 magnitudine

248 644 410 677 tantum
464 636 680 687 formaque
723 648 948 687 corporum
991 634 1201 682 differunt,
1252 640 1436 674 ceterum
1479 647 1564 674 non
1606 635 1739 674 minus
1781 635 1876 687 uagi

248 708 489 759 incertique,
543 705 819 758 uoluptatium
868 705 954 744 sine
1003 705 1155 744 dilectu
1198 706 1461 758 adpetentes,
1515 705 1664 757 trepidi
1707 712 1748 745 et
1791 720 1875 745 non

247 779 411 831 ingenio
464 778 539 817 sed
593 776 812 816 formidine
864 776 1013 828 quieti?
1086 790 1171 815 non
1221 777 1317 816 ideo
1373 776 1594 828 quicquam
1638 776 1741 815 inter
1784 776 1874 816 illos

196 866 227 891 ιο
247 862 482 903 puerosque
525 849 723 887 interesse
767 847 857 899 quis
896 846 1064 894 dixerit,
1108 848 1222 899 quod
1265 846 1339 886 illis
1382 846 1562 886 talorum
1596 861 1801 886 nucumue
1834 854 1875 887 et

1901 779 1920 812 (ξι

247 921 350 960 aeris
384 919 526 958 minuti
558 918 730 957 auaritia
762 924 836 966 est,
869 917 930 957 his
963 919 1049 957 auri
1082 918 1327 970 argentique
1361 923 1402 957 et
1437 918 1620 966 urbium3
1674 919 1790 970 quod
1823 918 1874 958 illi

246 993 349 1030 inter
382 991 493 1042 ipsos
527 990 792 1041 magistratus
825 995 977 1041 gerunt
1010 994 1051 1028 et
1083 994 1347 1041 praetextam
1381 988 1596 1041 fascesque
1628 1003 1675 1028 ac
1697 990 1875 1030 tribunal

246 1062 473 1108 imitantur,
517 1060 556 1099 hi
599 1060 748 1099 eadem
792 1060 831 1099 in
873 1073 1024 1112 campo
1068 1059 1244 1112 foroque
1277 1066 1318 1100 et
1351 1061 1389 1099 in
1423 1060 1532 1100 curia
1564 1061 1670 1100 serio
1702 1060 1849 1101 ludunt
1862 1079 1870 1110 ;

246 1132 296 1171 illi
339 1133 377 1170 in
420 1131 608 1171 litoribus
650 1130 830 1170 harenae
863 1137 1066 1183 congestu
1100 1131 1318 1171 simulacra
1352 1132 1554 1171 domuum
1588 1132 1789 1180 excitant,
1833 1132 1874 1172 hi

196 1219 224 1243 ιε,
247 1209 290 1242 ut
333 1216 532 1254 magnum
575 1201 727 1254 aliquid
770 1208 944 1255 agentes
988 1202 1027 1241 in
1069 1201 1274 1254 lapidibus
1317 1216 1365 1242 ac
1404 1202 1630 1255 parietibus
1673 1209 1714 1242 et
1756 1204 1876 1244 tectis

246 1273 464 1312 moliendis
497 1274 687 1326 occupati
719 1273 872 1313 tutelae
895 1287 1120 1326 corporum
1144 1274 1312 1313 inuenta
1335 1274 1373 1312 in
1397 1273 1624 1326 periculum
1650 1281 1873 1314 uerterunt.

244 1358 346 1396 ergo
378 1358 453 1397 par
484 1344 620 1396 pueris
652 1343 896 1396 longiusque
928 1344 1171 1396 progressis,
1204 1345 1279 1384 sed
1313 1345 1353 1383 in
1385 1344 1464 1383 alia
1496 1345 1737 1397 maioraque
1761 1359 1875 1385 error

244 1422 315 1455 est.
389 1429 471 1454 non
524 1416 715 1455 inmerito
769 1416 907 1467 itaque
956 1415 1106 1454 horum
1153 1414 1425 1454 contumelias
1467 1416 1630 1468 sapiens
1674 1423 1717 1456 ut
1758 1417 1873 1456 iocos
1899 1427 1919 1458 ,²3

243 1486 401 1539 accipit.
455 1492 496 1525 et
519 1486 743 1538 aliquando
765 1486 856 1526 illos
879 1492 1095 1538 tamquam
1118 1500 1270 1538 pueros
1293 1485 1404 1525 malo
1427 1500 1648 1539 poenaque
1671 1488 1875 1527 admonet

191 1571 223 1594 2⁰
249 1557 426 1609 adficit}
460 1571 543 1596 non
575 1557 671 1609 quia
702 1557 863 1610 accepit
895 1557 1093 1605 iniuriam,
1126 1558 1201 1596 sed
1233 1557 1329 1609 quia
1350 1556 1533 1596 fecerunt
1556 1563 1597 1597 et
1620 1563 1664 1597 ut
1685 1557 1875 1598 desinant

244 1627 388 1667 facere.
451 1629 507 1667 sic
540 1629 648 1668 enim
682 1634 723 1668 et
755 1642 910 1681 pecora
942 1628 1116 1667 uerbere
1149 1628 1393 1676 domantur,
1436 1642 1512 1668 nec
1545 1629 1756 1668 irascimur
1788 1628 1874 1677 illis,

243 1713 336 1738 cum
360 1713 566 1739 sessorem
590 1698 896 1748 recusauerunt,
927 1700 1003 1739 sed
1026 1700 1327 1752 compescimus,
1357 1706 1401 1739 ut
1424 1699 1545 1739 dolor
1567 1700 1871 1739 contumaciam

243 1770 389 1809 uincat.
453 1784 554 1822 ergo
590 1777 632 1810 et
661 1770 759 1810 illud
788 1770 971 1824 solutum
1001 1771 1114 1819 scies,
1147 1771 1263 1822 quod
1298 1770 1419 1809 nobis
1452 1771 1697 1823 opponitur:
1734 1784 1872 1823 quare,

243 1841 272 1879 si
316 1854 400 1880 non
443 1842 604 1894 accepit
646 1842 831 1881 iniuriam
876 1841 1038 1894 sapiens
1081 1855 1158 1881 nec
1191 1841 1507 1889 contumeliam,
1550 1841 1666 1893 punit
1699 1855 1772 1881 eos
1804 1842 1872 1894 qui

189 1927 221 1950 25
242 1909 451 1950 fecerunt?
495 1925 578 1951 non
612 1913 720 1952 enim
754 1926 798 1952 se
831 1912 1046 1961 ulciscitur,
1078 1913 1154 1952 sed
1186 1911 1276 1951 illos
1309 1913 1517 1951 emendat.

361 1982 469 2021 XIII.
514 1982 628 2036 Quid
661 1989 724 2023 est
746 1989 900 2031 autem,
933 1997 1060 2036 quare
1081 1983 1189 2022 hanc
1210 1984 1333 2022 animi
1356 1982 1594 2023 firmitatem
1620 1997 1702 2022 non
1726 1984 1871 2023 credas
1906 1994 1912 2026 1

242 2052 279 2090 in
313 2053 443 2091 uirum
477 2054 708 2106 sapientem
742 2055 903 2102 cadere,
938 2067 1031 2094 cum
1065 2054 1137 2094 tibi
1171 2054 1210 2092 in
1243 2053 1327 2093 aliis
1355 2054 1467 2093 idem
1500 2059 1657 2102 notare,
1689 2055 1764 2094 sed
1787 2068 1871 2093 non

243 2136 295 2161 ex
343 2124 490 2163 eadem
535 2138 659 2164 causa
702 2125 849 2164 liceat?
902 2125 993 2177 quis
1026 2126 1134 2164 enim
1168 2124 1410 2177 phrenetico
1444 2125 1630 2164 medicus
1663 2125 1869 2165 irascitur?

242 2194 332 2244 quis
366 2193 630 2235 febricitantis
664 2202 704 2236 et
737 2210 761 2235 a
792 2195 939 2249 frigida
970 2195 1166 2249 prohibiti
1200 2195 1422 2235 maledicta
1452 2196 1492 2234 in
1524 2195 1676 2235 malam
1705 2202 1870 2248 partem

187 2280 221 2303 :sn
241 2264 409 2316 accipit?
443 2265 551 2305 hunc
569 2266 780 2306 adfectum
803 2268 1002 2307 aduersus
1024 2268 1159 2307 omnis
1179 2267 1307 2306 habet
1329 2267 1503 2319 sapiens,
1523 2280 1649 2319 quem
1669 2267 1869 2306 aduersus

1896 2270 1916 2303 (Ο

249 2415 255 2447 l
289 2416 413 2447 hisdem
488 2420 507 2450 :²
536 2419 700 2450 ioculari*
791 2419 806 2451 »Ῑ
837 2419 937 2451 offis*
965 2425 1052 2461 (ras.
1075 2418 1218 2464 puncti)
1285 2419 1303 2449 ἴ)
1332 2419 1460 2461 puerilis·
1486 2419 1585 2450 animi
1615 2416 1739 2452 Gerlz:
1770 2420 1869 2450 animi

1742 2482 1761 2501 tx

360 2512 378 2538 ι’.
406 2521 529 2543 errores
556 2513 658 2553 (ras.)
786 2511 892 2555 pueriS
916 2514 942 2556 (s
969 2513 1104 2558 m.pr,)
1228 2512 1271 2545 w
1297 2515 1377 2545 inter
1405 2519 1472 2545 esse
1596 2513 1631 2546 ll
1664 2514 1773 2544 aum-ia

240 2570 398 2610 argentm
415 2582 434 2599 κ
460 2560 546 2606 iras.
568 2570 674 2603 unius
699 2572 839 2615 pmzclz‘)
975 2573 1012 2606 12>
1040 2573 1268 2614 magistranujs
1287 2571 1419 2617 uidep.
1449 2573 1503 2611 22,
1525 2574 1541 2605 -1
1651 2571 1683 2604 14
1705 2572 1867 2603 simulac*

626 2638 641 2653 Η

239 2662 364 2695 (inmun
534 2665 647 2695 excitat
677 2665 709 2697 (n
738 2677 779 2697 m.
805 2668 878 2710 μγ.)
1062 2667 1096 2699 li)
1126 2654 1278 2710 (legentes
1463 2678 1500 2698 ac
1536 2665 1628 2699 dclv!
1663 2665 1768 2699 Gerl:
1803 2665 1870 2700 sed

241 2720 322 2753 nida
342 2719 596 2755 Sclmltcizvz‘nm
618 2723 724 2756 (dim.
747 2724 900 2769 Gotlz'nss.
926 2728 1007 2759 1874
1028 2738 1063 2770 μ,
1088 2727 1190 2769 1-1121)
1211 2731 1243 2759 cl
1267 2724 1460 2759 Thurolum
1480 2723 1613 2766 (Reme
1640 2725 1754 2769 crilt'q.
1778 2727 1864 2758 1875

236 2790 273 2823 p.
295 2781 351 2815 71)
482 2781 517 2812 lo
545 2782 705 2813 immerito
811 2785 847 2816 Γ.)
866 2796 986 2826 penam
1086 2785 1237 2832 admonet
1257 2784 1393 2828 [adficit]
1414 2782 1577 2818 Fl'clscrl:
1609 2788 1741 2816 ainonet
1766 2785 1866 2815 afficit

357 2840 401 2871 ‘215
428 2839 582 2870 frenetico
703 2844 746 2872 23¹!
773 2845 890 2875 aflectu
