2008 3221
250 96 330 136 136
502 91 605 118 DIAL.
628 91 676 117 VI.
716 87 770 116 AD
792 90 982 116 MARCIAM
1006 90 1057 116 DE
1078 89 1398 117 CONSOLATIONE.
1441 93 1482 119 14.
1506 93 1548 119 15.
1572 92 1612 118 16.

241 195 482 241 peragraret
525 202 600 227 nec
643 201 803 227 oceano
846 189 1057 227 continere
1099 187 1336 227 felicitatem
1379 201 1496 227 suam
1535 193 1702 240 posset,
1745 188 1873 227 audiit

241 260 468 299 decessisse
499 258 623 297 filiam
657 258 822 311 publica
854 272 997 298 secum
1030 258 1113 297 fata
1147 259 1382 297 ducentem.
1435 259 1474 297 in
1507 258 1636 298 oculis
1670 264 1757 298 erat
1789 259 1871 297 iam

241 330 313 371 Cn.
346 330 570 383 Pompeius
612 343 696 369 non
738 343 873 381 aequo
906 329 1060 368 laturus
1093 330 1232 368 animo
1267 342 1520 382 quemquam
1554 329 1678 368 alium
1710 342 1800 368 esse
1832 329 1871 368 in

239 395 450 453 republica
482 414 682 452 magnum
717 406 758 439 et
791 401 967 439 modum
999 401 1251 453 inpositurus
1283 401 1558 448 incrementis,
1592 413 1699 452 quae
1732 400 1873 452 grauia

203 484 217 506 ῖι
237 472 289 511 illi
333 472 581 511 uidebantur
622 472 747 511 etiam
791 484 884 510 cum
927 472 966 510 in
1009 484 1234 510 commune
1276 476 1532 510 crescerent:
1583 476 1725 510 tamen
1767 471 1873 510 intra

237 544 405 583 tertium
451 543 560 581 diem
604 543 872 595 imperatoria
916 542 1017 581 obiit
1062 544 1199 581 munia
1242 548 1282 581 et
1315 547 1402 580 tam
1436 543 1518 581 cito
1552 541 1741 580 dolorem
1778 541 1872 580 uicit

238 628 364 666 quam
398 614 540 652 omnia
572 613 748 652 solebat.

357 685 452 723 XV.
515 684 629 736 Quid
672 684 845 723 aliorum
889 684 961 722 tibi
1003 683 1145 722 funera
1180 683 1406 723 Caesarum
1439 682 1642 722 referam?
1695 695 1801 734 quos
1833 682 1873 721 in

237 755 318 794 hoc
363 755 462 794 mihi
507 756 671 794 uidetur
713 754 874 794 interim
919 754 1073 794 uiolare
1115 754 1301 802 fortuna,
1345 760 1389 793 ut
1432 754 1489 793 sic
1531 767 1700 806 quoque
1732 753 1873 805 generi

186 826 422 865 inhumano
454 826 614 878 prosint
647 827 920 865 ostendentes
953 839 1004 864 ne
1037 839 1110 864 eos
1143 826 1325 878 quidem,
1358 825 1426 877 qui
1449 825 1511 863 dis
1535 825 1662 876 geniti
1685 824 1873 876 deosque

237 897 413 948 genituri
455 897 665 944 dicantur,
709 897 765 936 sic
797 910 915 936 suam
959 896 1169 936 fortunam
1203 897 1241 935 in
1274 902 1485 949 potestate
1526 895 1682 934 habere
1727 908 1870 947 quem-

238 967 470 1006 admodum
504 966 693 1006 alienam.
752 967 871 1006 diuus
900 966 1122 1018 Augustus
1155 967 1315 1005 amissis
1347 965 1494 1013 liberis,
1529 965 1764 1018 nepotibus,
1798 978 1870 1010 ex-

237 1037 386 1076 hausta
419 1036 645 1077 Caesarum
688 1038 812 1077 turba
853 1039 1083 1090 adoptione
1127 1038 1336 1076 desertam
1381 1038 1557 1076 domum
1600 1035 1720 1085 fulsit.
1781 1035 1873 1075 tulit

237 1114 380 1147 tamen
413 1114 500 1147 lam
534 1107 695 1148 fortiter
727 1122 852 1160 quam
887 1109 999 1147 cuius
1031 1109 1113 1147 iarn
1147 1122 1211 1147 res
1241 1107 1445 1160 agebatur
1467 1108 1665 1160 cuiusque
1687 1107 1872 1146 maxime

189 1194 217 1217 15
237 1179 431 1218 intererat
464 1179 516 1218 de
549 1180 610 1219 dis
644 1181 851 1218 neminem
885 1179 1010 1231 queri..
1054 1179 1244 1218 Tiberius
1268 1178 1420 1218 Caesar
1453 1184 1493 1217 et
1524 1191 1649 1230 quem
1672 1184 1873 1230 genuerat

238 1256 279 1288 et
311 1264 436 1302 quern
469 1251 758 1303 adoptauerat',
791 1251 939 1298 amisit,
972 1251 1059 1302 ipse
1091 1256 1233 1289 tamen
1265 1263 1341 1302 pro
1375 1250 1517 1289 rostris
1540 1249 1722 1289 laudauit
1744 1248 1871 1288 filium

237 1322 435 1373 stetitque
468 1322 505 1360 in
540 1328 765 1373 conspectu
798 1322 937 1373 posito
971 1334 1160 1373 corpore,
1193 1321 1408 1360 interiecto
1439 1321 1737 1360 tantummodo
1762 1318 1870 1358 uela-

239 1398 403 1440 mento,
447 1393 563 1444 quod
605 1392 812 1445 pontificis
851 1392 995 1431 oculos
1029 1405 1052 1431 a
1085 1391 1226 1431 funere
1258 1398 1439 1439 arceret,
1483 1397 1524 1430 et
1557 1390 1682 1430 flente
1714 1389 1872 1443 populo

238 1463 435 1502 Romano
484 1477 567 1502 non
619 1463 736 1502 flexit
787 1462 960 1501 uoltum.
1023 1463 1326 1514 experiendum
1377 1475 1422 1501 se
1464 1462 1581 1501 dedit
1624 1460 1776 1501 Seiano
1818 1461 1872 1500 ad

185 1547 217 1572 20
239 1533 345 1572 latus
378 1534 514 1582 stanti,
547 1547 673 1586 quam
707 1534 913 1585 patienter
945 1539 1089 1585 posset
1121 1547 1219 1572 suos
1262 1533 1450 1585 perdere.
1513 1532 1684 1573 videsne
1715 1537 1873 1585 quanta

240 1604 358 1656 copia
401 1605 584 1644 uirorum
618 1605 901 1644 maximorum
935 1605 1007 1653 sit,
1050 1618 1156 1656 quos
1189 1618 1273 1643 non
1307 1604 1475 1656 excepit
1507 1603 1573 1643 hic
1604 1603 1746 1642 omnia
1777 1615 1870 1656 pro-

239 1681 426 1714 sternens
459 1678 604 1716 casus?
639 1682 680 1715 et
711 1676 755 1715 in
787 1689 894 1728 quos
927 1682 992 1715 tot
1025 1676 1150 1715 animi
1182 1676 1306 1723 bona,
1339 1681 1406 1715 tot
1439 1681 1687 1714 ornamenta
1708 1673 1874 1727 publice

238 1747 514 1799 priuatimque
547 1753 751 1799 congesta
784 1749 926 1786 erant?
960 1746 1033 1786 sed
1067 1745 1258 1786 uidelicet
1291 1747 1320 1786 it
1352 1746 1390 1785 in
1424 1745 1571 1785 orbern
1594 1746 1669 1785 ista
1690 1751 1873 1797 tempes-

239 1825 303 1857 tas
345 1829 386 1858 et
428 1819 515 1857 sine
558 1818 709 1857 dilectu
752 1824 889 1858 uastat
933 1819 1073 1857 omnia
1115 1818 1285 1869 agitque
1329 1824 1372 1857 ut
1414 1830 1498 1857 sua.
1561 1806 1656 1856 iube
1689 1814 1874 1868 singulos

188 1902 221 1927 25
242 1887 430 1928 conferre
462 1889 687 1929 rationem:
727 1889 823 1929 nulli
857 1889 1030 1941 contigit
1063 1889 1215 1941 inpune
1247 1889 1359 1928 nasci

360 1960 474 1999 XVI.
538 1959 634 2000 Scio
682 1960 780 2013 quid
829 1960 964 2000 dicas:
1024 1960 1178 1999 oblitus
1227 1973 1270 1998 es
1323 1959 1520 1999 feminam
1573 1964 1615 1998 te
1658 1955 1874 2005 consolari,

241 2032 423 2071 uirorum
473 2031 598 2071 refers
648 2031 856 2084 exempla.
926 2032 1015 2083 quis
1067 2037 1208 2071 autem
1265 2031 1418 2070 dixerit
1460 2036 1651 2070 naturam
1696 2027 1876 2080 maligne

1850 2172 1864 2191 S

250 2208 255 2239 1
299 2208 399 2238 audiit
426 2206 594 2242 Fickert:
625 2209 686 2239 aud
715 2210 733 2239 ii
888 2210 906 2241 ζ)
943 2209 1104 2250 publica2÷2
1259 2210 1278 2241 :5
1314 2209 1428 2238 inre-l)-
1582 2206 1603 2239 st
1639 2207 1669 2237 in
1697 2199 1875 2254 positurum

380 2273 398 2303 ι’)
434 2284 505 2304 cum
535 2274 565 2304 in
578 2285 597 2304 >222
743 2278 921 2305 crescerent
948 2272 1165 2307 deteriores:
1195 2277 1352 2304 cresceret
1490 2272 1510 2305 C»
1545 2272 1627 2303 obiit
1654 2270 1872 2305 deteriores:

874 2340 880 2355 1

245 2368 289 2398 ob
317 2369 338 2398 it
476 2372 495 2398 ¹.)
531 2369 630 2399 michi
771 2368 815 2401 ’10
850 2369 899 2399 dis
925 2369 1027 2408 geniti
1059 2368 1200 2409 deosque
1232 2368 1389 2408 genituri:
1426 2365 1515 2400 llaec
1548 2368 1691 2410 sumpla
1724 2375 1802 2399 esse
1827 2375 1877 2399 ea*

248 2449 353 2494 Verq.
384 2452 468 2484 Aen.
498 2455 534 2491 τι,
563 2454 628 2483 642
666 2449 838 2484 indicauit
870 2449 994 2484 Haase
1132 2451 1167 2484 12
1194 2425 1340 2491 nepotibs
1463 2448 1496 2481 14
1524 2453 1634 2480 tamen
1660 2453 1727 2480 tam
1757 2445 1876 2487 Gertz,

922 2518 928 2533 1

243 2551 308 2576 tam
336 2543 508 2589 llsallw'y:
539 2552 646 2576 tamen
786 2545 827 2578 ¹11⁷)
856 2546 947 2576 dedis
1075 2546 1114 2578 T.
1143 2556 1233 2585 cesar
1364 2547 1516 2585 genuerat
1545 2543 1576 2585 (u
1604 2542 1638 2576 2'71
1667 2542 1757 2585 ras.)

251 2605 286 2636 113
315 2606 383 2646 ipse
522 2605 558 2636 κδ’
586 2606 681 2636 flente
708 2606 786 2635 RR-
926 2607 963 2637 12·
990 2604 1080 2636 uultu
1211 2605 1256 2636 211
1283 2607 1389 2645 posset
1417 2601 1635 2636 deteriores:
1666 2603 1766 2643 possit

967 2662 977 2681 t

244 2699 282 2732 ’31
316 2703 519 2740 prosternens
547 2697 767 2733 deteriores:
798 2693 980 2746 prosterne}
1097 2698 1140 2731 ‘22
1168 2702 1198 2729 et
1225 2698 1256 2728 in
1283 2708 1363 2739 quos
1390 2696 1530 2739 Haase,
1559 2701 1587 2728 et
1613 2707 1677 2738 quo
1704 2693 1874 2741 Madm'q:

246 2769 275 2794 et
304 2775 384 2804 quos
403 2763 480 2797 cml.
507 2762 688 2797 Orationis
703 2764 861 2808 sormam
881 2762 1032 2798 eandem
1051 2773 1131 2797 esse
1148 2766 1255 2807 alque
1277 2764 1328 2802 13,
1356 2764 1375 2795 4
1395 2767 1425 2794 et
1441 2763 1715 2804 quem-mutatio?
1742 2760 1877 2806 sz'qm'fi-

248 2822 344 2854 cauit
374 2822 478 2856 (let-l:
603 2823 646 2856 Ἦ
675 2824 771 2854 resers-
799 2823 1018 2856 detere'ores:
1050 2823 1130 2854 refer
1252 2823 1363 2853 dixerit
1399 2819 1609 2854 Pincianus:
1641 2821 1719 2852 dixit

1899 970 1918 1003 10

1904 1962 1920 1995 1
