2008 3236
217 125 301 165 278
519 122 705 149 DIAL.X11.
741 112 794 147 sp
815 122 1017 148 POLYBIVM
1040 123 1092 148 DE
1114 123 1432 151 CONSOLATIONE.
1473 127 1498 153 7.
1520 128 1545 153 S.

216 218 269 258 illi
311 219 405 258 licet
447 231 523 257 nec
564 218 791 258 subsistere
823 232 900 258 nec
932 220 1152 271 quicquam
1185 234 1304 259 suum
1339 220 1484 263 facere.
1547 224 1600 263 ad
1633 225 1842 275 quendam

216 291 354 341 itaque
388 290 562 328 modum
595 289 667 328 tibi
701 303 869 341 quoque
902 291 1052 329 eadem
1085 292 1310 331 necessitas
1342 292 1587 345 iniungitur:
1633 308 1718 333 non
1749 294 1845 334 licet

216 360 289 399 tibi
334 360 387 398 ad
431 359 628 399 utilitates
671 366 784 407 tuas,
828 361 882 399 ad
925 362 1061 400 studia
1103 367 1175 401 tua
1206 362 1420 414 respicere.
1485 362 1663 404 Caesare
1696 365 1843 405 orbem

217 436 419 469 terrarum
463 429 704 481 possidente
747 431 928 482 inpartiri
972 437 1014 470 te
1046 445 1123 471 nec
1156 431 1360 484 uoluptati
1394 446 1471 472 nec
1505 433 1638 473 dolori
1670 448 1746 474 nec
1777 435 1845 474 ulli
1905 428 1915 437 ⁵

183 515 196 537 ε,
218 500 281 540 alii
325 501 381 539 rei
414 506 563 552 potes:
612 506 749 540 totum
783 507 825 540 te
859 501 1025 541 Caesari
1059 501 1200 542 debes.
1264 503 1382 542 adice
1424 517 1532 543 nunc
1571 505 1706 555 quod,
1751 519 1845 545 cum

170 869 197 893 lt)

171 1224 199 1248 15

166 1578 198 1602 *20

168 1931 200 1955 25

217 584 384 623 semper
416 571 630 622 praedices
664 572 867 611 cariorem
900 573 972 612 tibi
1005 573 1148 625 spiritu
1182 579 1255 612 tuo
1289 573 1512 613 Caesarem
1546 588 1647 623 esse,
1681 575 1740 615 fas
1772 576 1846 616 tibi

218 656 301 681 non
345 648 407 681 est
449 641 565 681 saluo
599 642 778 682 Caesare
822 644 876 682 de
920 643 1082 683 fortuna
1115 645 1254 695 queri:
1301 644 1383 684 hoc
1415 644 1608 685 incolumi
1641 645 1742 686 salui
1773 647 1846 686 tibi

217 719 311 752 sunt
344 713 422 761 tui,
455 712 552 752 nihil
583 714 810 766 perdidisti,
844 728 927 753 non
960 721 1123 755 tantum
1157 715 1289 755 siccos
1322 715 1466 755 oculos
1499 722 1594 756 tuos
1627 730 1738 765 esse,
1772 719 1846 758 sed

219 785 342 823 etiam
386 783 519 823 laetos
562 791 743 837 oportet.
805 785 843 824 in
886 785 968 824 hoc
1008 786 1080 825 tibi
1114 787 1255 826 onmia
1286 793 1402 834 sunt,
1445 787 1511 826 hic
1543 801 1619 840 pro
1653 788 1848 828 omnibus

219 862 292 894 est.
356 856 470 906 quod
503 854 629 907 longe
661 869 683 894 a
717 844 913 895 sensibus
937 856 1017 896 tuis
1049 857 1378 908 prudentissimis
1410 858 1685 910 piissimisque
1717 859 1848 907 abest,

219 927 420 966 aduersus
453 925 692 965 felicitatem
727 933 842 966 tuam
876 941 1023 979 parum
1057 935 1201 980 gratus
1235 942 1299 977 es,
1343 929 1373 968 si
1407 929 1481 968 tibi
1513 929 1849 981 quicquam-hoc

218 997 336 1037 saluo
371 997 469 1036 flere
501 997 717 1049 permittis.

337 1068 446 1107 VIII.
498 1068 748 1108 Monstrabo
791 1069 1027 1109 etiamnunc
1069 1083 1152 1109 non
1195 1071 1364 1122 quidem
1408 1070 1562 1111 firmius
1605 1073 1848 1122 remedium,

218 1139 293 1178 sed
336 1138 582 1178 familiarius.
655 1139 687 1178 si
732 1140 903 1191 quando
946 1145 988 1180 te
1031 1140 1206 1180 domum
1250 1143 1475 1194 receperiS‚
1518 1148 1616 1182 tunc
1659 1143 1734 1182 erit
1775 1143 1848 1183 tibi

221 1210 448 1249 metuenda
480 1210 653 1249 tristitia.
717 1224 813 1249 nam
848 1212 1046 1262 quamdiu
1079 1225 1233 1251 numen
1265 1218 1382 1252 tuum
1416 1213 1660 1262 intueberis,
1693 1213 1847 1254 nullum

219 1280 286 1320 illa
318 1282 372 1320 ad
406 1287 447 1320 te
479 1281 658 1321 inueniet
691 1295 918 1330 accessum,
952 1283 1092 1322 onmia
1123 1283 1163 1322 in
1197 1289 1239 1323 te
1263 1283 1417 1323 Caesar
1449 1284 1618 1324 tenebit.
1672 1298 1766 1324 cum
1796 1285 1850 1325 ab

220 1351 286 1391 illo
321 1352 568 1399 discesseris,
601 1359 699 1391 tunc
733 1353 845 1392 uelut
879 1351 1098 1393 occasione
1121 1353 1220 1394 data
1241 1354 1500 1395 insidiabitur
1522 1355 1733 1395 solitudini
1755 1361 1850 1395 tuae

221 1422 343 1462 dolor
375 1429 415 1462 et
448 1424 720 1475 requiescenti
752 1424 891 1463 animo
925 1430 998 1463 tuo
1031 1424 1230 1477 paulatim
1265 1427 1436 1478 inrepet.
1499 1426 1638 1477 itaque
1670 1439 1754 1465 non
1787 1432 1850 1466 est
1876 1442 1881 1449 ·

220 1495 334 1546 quod
380 1493 505 1534 ullum
549 1500 716 1546 tempus
760 1508 908 1534 uacare
951 1495 1120 1547 patiaris
1165 1509 1188 1535 a
1230 1496 1400 1536 studiis:
1446 1502 1544 1536 tunc
1586 1497 1659 1537 tibi
1691 1496 1852 1537 litterae

220 1572 316 1605 tuae
358 1571 445 1605 tam
490 1565 559 1605 diu
602 1579 649 1605 ac
692 1571 778 1605 tam
811 1565 988 1605 fideliter
1020 1573 1186 1607 amatae
1219 1560 1404 1619 gratiam
1429 1566 1618 1608 referant.
1680 1573 1779 1607 tunc
1809 1573 1856 1607 te>

220 1635 311 1675 illae
354 1637 582 1676 antistitem
626 1643 667 1676 et
710 1635 913 1677 cultorem
958 1651 1076 1677 suum
1122 1638 1342 1678 uindicent.
1415 1644 1514 1678 tunc
1556 1638 1768 1678 Homerus
1810 1644 1852 1678 et

220 1707 430 1758 Vergilius
472 1714 558 1747 tam
603 1708 711 1747 bene
753 1708 807 1747 de
848 1707 1033 1748 humano
1079 1723 1233 1761 genere
1276 1710 1430 1757 meriti,
1474 1723 1599 1761 quam
1642 1715 1685 1749 tu
1726 1715 1767 1749 et
1800 1709 1853 1749 de

220 1778 414 1817 omnibus
447 1784 488 1817 et
522 1779 576 1817 de
608 1778 682 1818 illis
714 1779 910 1828 meruisti,
943 1793 1050 1831 quos
1072 1779 1256 1832 pluribus
1278 1786 1403 1820 notos
1427 1794 1518 1820 esse
1540 1779 1704 1820 uoluisti
1726 1793 1852 1832 quam

220 1850 481 1901 scripserant,
516 1849 694 1889 multum
728 1855 867 1889 tecum
902 1856 1128 1891 morentur.
1191 1857 1326 1891 tutum
1355 1852 1395 1890 id
1429 1852 1504 1891 erit
1527 1865 1653 1890 omne
1674 1856 1852 1905 tempus,

221 1919 335 1971 quod
379 1920 453 1959 illis
493 1921 694 1959 tuendum
737 1921 1004 1960 commiseris.
1067 1927 1166 1961 tunc
1199 1921 1387 1961 Caesaris
1420 1922 1478 1961 tui
1510 1935 1660 1974 opera,
1704 1927 1748 1961 ut
1779 1935 1854 1974 per

223 1990 364 2029 omnia
416 1991 581 2029 saecula
634 1992 869 2031 domestico
913 1998 1130 2031 narrentur
1173 1994 1420 2045 praeconio,
1472 1999 1674 2045 quantum
1717 1999 1852 2045 pote5‚

164 2060 170 2066 ’
223 2074 426 2112 conpone.
490 2074 585 2100 nam
629 2063 716 2115 ipse
749 2061 823 2102 tibi
855 2063 1016 2114 optime
1048 2062 1254 2102 formandi
1289 2064 1582 2116 condendique
1614 2076 1679 2103 res
1711 2069 1852 2116 gestas

223 2138 263 2170 et
307 2132 523 2171 materiam
568 2132 684 2172 dabit
727 2138 768 2173 et
811 2133 1068 2186 exemplum.
1134 2136 1225 2186 [27.]
1271 2148 1356 2174 non
1397 2135 1533 2174 audeo
1565 2141 1608 2175 te
1641 2148 1769 2187 usque
1801 2148 1852 2174 eo

230 2319 236 2351 l
278 2319 339 2350 illis
366 2318 398 2352 I)
526 2331 584 2351 nec
611 2321 781 2352 subsistere
810 2320 922 2366 Νιάρ.
953 2323 1144 2355 7subsistere
1170 2320 1204 2355 B
1230 2315 1399 2354 subsistere
1426 2320 1496 2355 DE
1621 2333 1711 2353 suum
1738 2320 1852 2366 Neap.

224 2389 279 2409 sua
309 2377 340 2411 B
366 2379 410 2409 sui
442 2377 471 2411 D
496 2391 552 2410 suo
580 2378 615 2413 E
732 2380 752 2413 3
780 2381 906 2411 astudia
934 2382 967 2413 Β
1088 2381 1106 2410 ἦ
1135 2381 1234 2413 debes
1260 2379 1315 2415 ΕΞ
1341 2382 1462 2413 debeas
1490 2379 1595 2415 BDE'
1713 2381 1732 2414 tz
1760 2391 1852 2423 prae-

224 2438 312 2469 dices
339 2439 480 2469 cariores
507 2440 566 2470 sint
594 2440 641 2470 fasv
669 2438 704 2473 E
822 2440 841 2473 Τ
869 2452 937 2472 esse
963 2438 999 2474 E
1116 2440 1138 2478 ὃ,
1171 2446 1241 2473 sunt
1267 2442 1347 2472 nihil
1374 2439 1410 2474 E
1535 2440 1571 2473 10
1605 2442 1679 2483 quia
1706 2441 1802 2482 longe
1822 2439 1854 2474 D

349 2496 384 2529 12
422 2498 575 2538 permittit
603 2497 638 2532 E
782 2500 822 2532 133
860 2500 979 2531 firmius
1011 2499 1040 2533 Β
1068 2501 1194 2531 firmum
1223 2499 1289 2534 DE
1432 2500 1474 2533 115⁵)
1510 2500 1675 2531 nun‘ituum
1702 2497 1736 2532 B

225 2556 395 2586 intueberis
422 2555 548 2589 mailli!
575 2556 610 2590 Ε
744 2558 778 2591 lb'
815 2558 868 2589 illa
895 2559 971 2590 adte
997 2560 1157 2591 inuenient
1188 2558 1219 2592 B
1246 2565 1275 2590 te
1302 2560 1461 2590 inuenient
1489 2557 1521 2592 D
1654 2557 1696 2592 ‘17
1731 2558 1852 2589 sollitu-

225 2615 289 2644 ‹lini
318 2613 350 2647 D
376 2615 573 2655 solicitudini
602 2614 636 2648 E
756 2615 798 2650 18
830 2618 951 2658 inrepct
979 2616 1086 2662 uulqo
1114 2618 1225 2659 inrepit
1259 2616 1322 2651 BD
1349 2619 1476 2659 imrepit
1503 2615 1538 2650 E
1656 2616 1697 2649 ’19
1732 2617 1851 2648 nullum

225 2678 348 2714 tempus
369 2672 437 2706 ltE
537 2686 653 2706 uacare
671 2675 796 2709 ominic
818 2674 851 2708 Ε
950 2676 994 2709 20
1013 2675 1163 2709 actamB
1269 2677 1402 2707 tidenter
1416 2675 1446 2709 Ε
1550 2676 1588 2709 21
1612 2676 1800 2707 etcultorem
1823 2674 1853 2708 B

224 2733 251 2762 ei
279 2733 433 2763 cultorem
461 2732 490 2766 l)
611 2734 653 2767 “32
681 2746 778 2776 quam
805 2743 834 2766 tu
860 2741 890 2766 et
917 2736 957 2766 de
983 2736 1133 2767 omnibus
1159 2733 1191 2769 D
1217 2747 1313 2777 quam
1341 2743 1367 2767 et
1395 2736 1435 2766 ‹le
1461 2735 1612 2766 omnibus
1640 2734 1674 2769 B
1698 2740 1851 2777 quantuni

223 2796 251 2821 et
279 2792 319 2822 (le
346 2793 496 2823 omnibus
524 2791 559 2825 Ε
684 2793 727 2826 24
762 2795 819 2825 crit
850 2793 917 2827 DE
941 2793 1054 2839 Neap.
1085 2793 1191 2829 Gertz
1220 2796 1280 2827 exit
1312 2793 1341 2827 B
1469 2796 1513 2827 2&
1548 2804 1645 2836 usque
1671 2805 1709 2825 eo
1739 2792 1850 2838 Ncap.

224 2861 319 2891 usque
349 2849 452 2884 BDE'

1872 234 1888 248 f)

1870 249 1889 267 ζ)

1879 1438 1896 1470 (v
