1977 3231
645 615 684 658 L.
726 616 914 659 ANNAEI
956 616 1173 660 SENECAE

349 773 351 775 ,
404 712 988 777 DIALOGORVM
1041 715 1300 777 LIBER
1345 716 1418 778 X.

748 840 812 870 AD
839 840 1076 871 PAVLINVM

667 918 720 954 DE
746 919 983 955 BREVITA'PE
1009 920 1148 956 VITAE.

214 1095 243 1135 I.
296 1073 442 1135 Maior
482 1109 578 1148 pars
620 1096 876 1145 mortalium,
922 1098 1109 1147 Pauline,
1155 1100 1208 1138 de
1250 1105 1421 1139 naturae
1463 1077 1719 1153 malignitate

95 1168 379 1218 conqueritur,
432 1167 545 1218 quod
593 1167 875 1219 in'exiguum
918 1169 1007 1207 aeui
1049 1169 1278 1221 gignimur,
1331 1171 1446 1222 quod
1486 1171 1590 1210 haec
1630 1178 1718 1212 tam

94 1236 312 1284 uelociter,
356 1242 444 1276 tam
477 1237 623 1289 rapide
655 1238 741 1276 dati
773 1238 893 1277 nobis
926 1240 1128 1291 temporis
1161 1241 1293 1292 spatia
1326 1241 1567 1290 decurrunt,
1611 1243 1718 1282 adeo

94 1313 138 1346 ut
179 1309 368 1360 exceptis
410 1308 643 1347 admodum
686 1308 827 1360 paucis
870 1314 1033 1348 ceteros
1066 1310 1105 1348 in
1138 1311 1228 1362 ipso
1261 1312 1370 1350 uitae
1401 1313 1604 1364 adparatu
1637 1314 1719 1353 uita

94 1378 305 1417 destituat.
368 1391 445 1417 nec
476 1377 570 1417 huic
600 1378 789 1431 publico,
832 1386 876 1418 ut
907 1381 1150 1431 opinantur,
1184 1380 1295 1420 malo
1328 1381 1450 1421 turba
1481 1388 1644 1422 tantum
1678 1390 1718 1423 et

1738 1395 1753 1419 5

93 1448 317 1500 inprudens
350 1447 498 1499 uolgus
530 1449 742 1500 ingemuit.
795 1449 1000 1489 clarorum
1033 1464 1202 1503 quoque
1233 1452 1414 1491 uirorum
1444 1452 1509 1492 hic
1531 1453 1718 1493 adfectus
1750 1487 1752 1489 .

93 1517 296 1570 querellas
339 1520 556 1558 euocauit:
601 1520 698 1559 inde
739 1519 805 1559 illa
843 1521 1017 1560 maximi
1050 1523 1310 1561 medicorum
1343 1522 1594 1563 exclamatio
1627 1531 1714 1564 est:

47 1595 66 1628 2
93 1590 220 1628 uitam
266 1589 438 1629 breuem
481 1604 592 1638 esse,
635 1589 819 1642 longam.
849 1598 993 1631 artem.
1056 1593 1151 1631 inde
1182 1591 1422 1632 Aristotelis
1455 1607 1547 1633 cum
1581 1608 1717 1634 rerum

92 1665 240 1699 natura
271 1660 477 1712 exigentis
511 1661 679 1700 minime
711 1663 961 1701 conueniens
993 1664 1167 1714 sapienti
1196 1664 1283 1702 uiro
1315 1663 1383 1703 lis:
1427 1665 1573 1704 aetatis
1605 1664 1715 1704 illam

93 1729 339 1769 animalibus
371 1736 535 1770 tantum
568 1731 794 1780 indulsisse,
828 1739 873 1772 ut
905 1734 1029 1785 quina
1061 1740 1131 1773 aut
1164 1735 1273 1773 dena
1304 1734 1443 1773 secula
1465 1737 1710 1775 educerent:

92 1799 251 1840 homini
282 1802 320 1840 in
353 1807 439 1840 tam
473 1801 603 1841 multa
634 1815 682 1841 ac
715 1816 869 1854 magna
900 1804 1042 1854 genito
1076 1809 1196 1843 tanto
1228 1805 1460 1844 citeriorem
1493 1807 1715 1845 terminum

47 1875 67 1910 3
94 1877 215 1911 stare.
278 1885 362 1910 non
406 1874 604 1924 exiguum
648 1874 848 1925 temporis
890 1873 1116 1922 habemus,
1160 1876 1235 1914 sed
1278 1875 1452 1914 multum
1494 1877 1716 1928 perdimus.

92 1943 191 1981 satis
224 1941 352 1994 longa
384 1944 468 1982 uita
500 1953 539 1982 et
571 1945 610 1983 in
643 1944 922 1983 maximarum
955 1958 1093 1984 rerum
1126 1946 1559 1986 consummationem:
1602 1947 1716 1999 large

93 2013 192 2052 data
235 2019 320 2061 est,
362 2014 397 2052 si'
436 2020 529 2053 tota
571 2014 679 2053 bene
710 2014 1010 2054 conlocaretur.
1073 2017 1148 2055 sed
1180 2015 1250 2054 ubi
1282 2029 1357 2068 per
1388 2016 1533 2056 luxum
1566 2030 1613 2056 ac
1645 2031 1714 2056 ne-

92 2081 346 2134 glegentiam
379 2082 538 2131 diffluit,
571 2083 641 2123 ubi
672 2084 809 2123 nullae
841 2084 980 2124 bonae
1011 2086 1068 2124 rei
1100 2086 1347 2138 inpenditur,
1378 2086 1522 2126 ultima
1544 2088 1715 2126 demum

91 2154 339 2194 necessitate
371 2161 561 2206 cogente,
594 2167 719 2207 quam
752 2155 810 2194 ire
843 2168 928 2193 non
961 2155 1251 2204 intelleximus,
1285 2158 1480 2196 transisse
1503 2158 1714 2197 sentimus.

91 2223 147 2262 ita
179 2230 253 2272 est,
286 2238 372 2264 non
405 2225 628 2277 accipimus
661 2225 833 2264 breuem
866 2226 1006 2273 uitam,
1039 2227 1111 2265 sed
1134 2225 1317 2275 facimus,
1350 2240 1427 2266 nec
1449 2228 1594 2281 inopes
1617 2231 1714 2276 eius,

91 2294 166 2333 sed
208 2294 375 2347 prodigi
417 2309 571 2335 sumus.
633 2296 738 2335 sicut
781 2295 947 2348 amplae
989 2302 1031 2336 et
1063 2297 1202 2348 regiae
1234 2310 1337 2350 opes
1370 2297 1438 2336 ubi
1471 2300 1524 2338 ad
1558 2298 1714 2338 malum

91 2364 310 2404 dominum
341 2371 642 2417 peruenerunt,
682 2371 902 2405 momento
936 2366 1197 2418 dissipantur,
1230 2373 1273 2408 at
1304 2368 1492 2420 quamuis
1525 2369 1716 2411 modicae

91 2526 110 2560 3
138 2528 306 2560 decurrunt
327 2526 455 2563 Gertz:
485 2529 653 2561 decurrant
774 2528 793 2562 4
815 2534 939 2571 ceteros
1060 2534 1216 2572 apparatu
1337 2532 1356 2564 (j
1375 2532 1561 2574 imprudens
1581 2531 1712 2577 Neap.:

90 2586 260 2628 impudens
396 2588 510 2629 uolgus
545 2588 578 2630 (o
604 2586 750 2622 uidetur
775 2588 810 2621 in
837 2600 854 2619 u
882 2592 1046 2622 correcta
1073 2587 1163 2632 esse)
1301 2592 1494 2632 affectusque
1520 2591 1601 2622 telas
1630 2592 1653 2632 (l
1679 2592 1713 2624 in

90 2643 178 2688 ναξ.)
299 2649 319 2677 δ’
346 2647 479 2678 brebem
606 2647 790 2678 Aristotelis
815 2645 982 2680 Fickert:
1013 2648 1189 2679 aristoteles
1309 2648 1329 2680 9
1362 2649 1500 2690 exigenti
1528 2648 1556 2692 (s
1583 2642 1714 2685 deleta)

91 2703 225 2734 minime
251 2703 282 2745 (e
307 2704 342 2737 in
368 2704 455 2747 ras.)
612 2705 725 2737 aetatis
750 2705 840 2736 illam
870 2703 995 2746 Gertz,
1022 2707 1135 2737 aetatis
1161 2717 1233 2738 eam
1259 2704 1430 2751 Madm'y:
1467 2711 1547 2741 (Lat
1573 2709 1622 2738 isti
1649 2709 1714 2738 iam

258 2784 301 2819 10
335 2785 502 2818 indulsisse
528 2785 577 2829 (in
603 2796 717 2831 martq.
744 2796 787 2819 m.
814 2797 886 2821 rec.
913 2785 1056 2821 addidit
1080 2789 1201 2830 dicunt)
1344 2788 1384 2822 12
1412 2764 1540 2825 habenn

90 2843 253 2884 perdimus
279 2841 355 2877 Εἰς
384 2844 550 2886 pdidimus
696 2845 738 2878 13
769 2848 855 2890 post
888 2847 1201 2877 consummationem
1228 2856 1321 2891 quae
1346 2846 1446 2880 mella
1471 2850 1549 2881 erat
1573 2845 1715 2880 addidit

89 2900 407 2946 interpunctionem
438 2901 545 2937 Gertz
675 2903 711 2936 17
738 2904 873 2935 facimus
903 2902 1030 2938 Gertz:
1062 2906 1170 2942 secim;

1740 1747 1768 1770 10

1740 2098 1768 2123 15
