1977 3231
76 317 94 350 4

75 876 94 909 n:

424 134 529 162 DIAL.
546 134 607 162 V11.
646 135 700 160 AD
722 134 954 161 GALLIONEM
977 135 1028 161 DE
1047 134 1141 161 VITA
1162 134 1300 162 BEATA.
1338 135 1380 160 2¹.
1400 134 1444 160 22.
1664 137 1742 174 175

123 245 327 283 proauom
369 231 543 279 uicerat,
586 245 712 283 quam
752 245 776 270 a
809 231 961 272 Crasso
1002 233 1251 280 uinceretur,
1294 237 1357 279 et,
1399 231 1431 269 si
1473 230 1649 270 maiores
1691 230 1744 270 illi

123 304 390 343 obuenissent
432 316 551 354 opes,
593 315 677 341 non
715 303 949 355 spreuisset.
1011 317 1087 342 nec
1118 304 1226 342 enim
1259 316 1304 341 se
1335 303 1498 354 sapiens
1530 302 1744 353 indignum

121 374 210 414 ullis
252 372 489 412 muneribus
531 372 706 412 fortuitis
748 379 878 426 putat.
950 387 1032 412 non
1075 380 1188 413 amat
1229 374 1411 425 diuitias,
1459 374 1532 413 sed
1576 371 1744 411 mauolt.

121 458 203 483 non
237 445 275 483 in
307 445 488 483 animum
522 443 727 501 illaspsed
759 444 798 483 in
831 445 1004 483 domum
1039 444 1190 496 recipit.
1246 457 1322 483 nec
1344 444 1497 497 respuit
1519 456 1744 495 possessas,

121 515 195 554 sed
235 514 418 554 continet
457 521 497 554 et
530 516 731 554 maiorem
765 515 900 554 uirtuti
932 528 1031 553 suae
1064 515 1279 554 materiam
1313 514 1610 554 subministrari
1645 513 1744 553 uolt.
1783 531 1798 553 5

239 584 370 624 XXII.
415 584 525 637 Quid
558 591 698 625 autem
732 585 844 624 dubii
877 590 951 633 est,
983 585 1079 637 quin
1101 584 1205 624 haec
1227 585 1358 624 maior
1380 586 1551 624 materia
1573 585 1745 636 sapienti

121 656 209 695 uiro
250 657 302 695 sit
343 657 527 696 animum
571 655 808 708 explicandi
847 669 966 694 suum
1010 656 1049 694 in
1082 655 1229 695 diuitiis
1261 668 1386 707 quam
1419 656 1457 694 in
1489 661 1744 708 paupertate,

122 739 215 766 cum
247 727 287 766 in
318 726 397 766 hac
429 740 553 766 unum
588 740 718 779 genus
751 727 908 766 uirtutis
940 728 992 766 sit
1023 740 1107 766 non
1138 726 1317 766 inclinari
1349 740 1425 766 nec
1468 727 1662 778 deprimi,
1706 728 1744 766 in

122 797 269 837 diuitiis
313 804 353 837 et
396 798 670 850 temperantia
712 804 752 837 et
795 797 1015 837 liberalitas
1059 802 1099 836 et
1141 797 1349 848 diligentia
1381 804 1422 836 et
1453 797 1670 849 dispositio
1704 802 1745 836 et

122 867 425 919 magnificentia
457 881 651 919 campum
681 867 836 907 habeat
857 873 1083 920 patentem.
1135 881 1219 907 non
1241 874 1483 907 contemnet
1505 882 1549 907 se
1570 868 1744 920 sapiens,

121 938 281 977 etiamsi
323 937 441 977 fuerit
483 939 676 978 minimae
718 944 921 986 staturae,
965 952 1056 977 esse
1097 944 1239 978 tamen
1281 952 1325 978 se
1369 952 1587 991 procerum
1621 938 1744 978 uolet.

121 1015 162 1048 et
194 1008 311 1048 exilis
343 1022 520 1062 corpore
555 1010 616 1060 [ac
648 1010 802 1048 amisso
834 1009 969 1061 oculol
1004 1009 1178 1058 ualebit,
1218 1009 1344 1049 malet
1374 1016 1516 1064 tamen
1548 1009 1623 1048 sibi
1655 1022 1746 1048 esse

121 1080 305 1132 corporis
338 1079 475 1127 robur,
509 1086 549 1118 et
572 1079 653 1119 1106
674 1080 741 1128 ita,
772 1086 817 1119 ut
838 1080 940 1119 sciat
962 1093 1052 1119 esse
1076 1079 1185 1119 aliud
1208 1080 1247 1118 in
1269 1093 1313 1119 56
1336 1079 1545 1120 ualentius.
1592 1079 1744 1119 malam

73 1162 91 1191 :⁷¹
120 1150 399 1190 ualetudinem
433 1149 638 1199 tolerabit,
671 1150 829 1190 bonam
862 1150 1036 1203 optabit.
1099 1151 1307 1202 quaedam
1341 1151 1470 1198 enim,
1515 1151 1674 1190 etiamsi
1707 1150 1745 1188 in

120 1234 327 1260 summam
371 1222 428 1260 rei
470 1234 600 1274 parua
640 1227 757 1269 sunt,
802 1221 896 1273 [ait,]
941 1227 982 1260 et
1024 1221 1198 1261 subduci
1240 1222 1326 1260 sine
1368 1222 1483 1260 ruina
1513 1220 1746 1273 principalis

119 1292 218 1330 boni
259 1297 455 1344 possunt,
497 1292 678 1331 adiciunt
720 1297 862 1331 tamen
904 1291 1057 1344 aliquid
1097 1292 1150 1332 ad
1183 1298 1428 1345 perpetuam
1461 1291 1658 1331 laetitiam
1691 1305 1745 1330 ex

119 1362 271 1401 uirtute
312 1368 579 1402 nascentem:
625 1363 683 1402 sic
724 1362 835 1401 illum
879 1361 1075 1402 adficiunt
1121 1363 1283 1402 diuitiae
1325 1370 1367 1402 et
1408 1362 1659 1410 exhilarant,
1703 1368 1746 1400 ut

120 1433 387 1485 nauigantem
435 1434 639 1473 secundus
691 1440 733 1473 et
784 1433 918 1472 ferens
971 1439 1140 1481 uentus,
1193 1439 1237 1473 ut
1289 1435 1376 1473 dies
1430 1434 1564 1473 bonus
1615 1439 1655 1472 et
1707 1433 1745 1472 in

121 1503 270 1543 bruma
311 1517 360 1543 ac
391 1503 544 1556 frigore
585 1505 746 1556 apricus
786 1503 911 1543 loc-us.
974 1504 1062 1556 quis
1105 1518 1231 1556 porro
1269 1505 1539 1557 sapientium,
1582 1510 1744 1542 nostro-

120 1587 211 1613 rum
256 1575 370 1623 dico,
412 1575 561 1627 quibus
603 1589 729 1614 unum
773 1581 835 1614 est
877 1575 1035 1614 bonum
1079 1576 1223 1624 uirtus,
1276 1581 1403 1627 negat
1455 1575 1578 1614 etiam
1632 1574 1746 1622 haec,

120 1659 227 1698 quae
279 1646 552 1685 indifferentia
595 1659 816 1693 uocamus,
867 1645 1022 1685 habere
1064 1647 1102 1685 in
1145 1660 1190 1685 se
1234 1646 1384 1698 aliquid
1427 1646 1546 1698 pretii
1590 1651 1629 1684 et
1671 1645 1748 1684 alia

119 1716 205 1755 aliis
248 1729 339 1755 esse
390 1717 582 1768 potiora?
635 1716 885 1768 quibusdam
928 1730 982 1756 ex
1025 1717 1069 1756 iis
1121 1717 1310 1756 tribuitur
1362 1716 1514 1769 aliquid
1566 1715 1748 1762 honoris,

120 1787 368 1838 quibusdam
413 1787 601 1828 multum.
663 1801 716 1826 ne
757 1802 868 1827 erres
910 1789 1069 1840 itaque,
1113 1789 1217 1827 inter
1248 1789 1413 1840 potiora
1445 1788 1609 1827 diuitiae
1641 1793 1746 1826 sunt.

119 1858 219 1909 quid
272 1871 395 1910 ergO,
446 1858 598 1911 inquis,
652 1872 720 1898 me
775 1859 960 1906 derides,
1011 1872 1105 1898 cum
1149 1859 1329 1898 eundem
1372 1859 1484 1911 apud
1526 1865 1567 1897 te
1608 1858 1746 1897 locum

278 2053 295 2069 u
639 2045 665 2068 C.
684 2043 804 2067 ulceret

128 2081 135 2113 l
175 2092 333 2123 proauom
456 2092 473 2112 a
500 2092 608 2113 crasso
634 2083 836 2113 uincerentur
863 2081 1061 2125 (suprascr.
1090 2092 1132 2113 m.
1161 2082 1194 2118 4)
1317 2081 1334 2113 Δ’1
1369 2092 1532 2123 possessas
1558 2091 1626 2115 9207?
1654 2086 1749 2115 recte

123 2139 231 2174 Gertz
257 2143 450 2185 suspectat,
480 2139 586 2174 modo
606 2139 842 2185 participium
869 2144 1055 2185 repetatur
1081 2139 1126 2174 ab
1153 2140 1327 2176 infim'llao
1345 2140 1524 2182 possidbre,
1544 2139 1592 2183 cf.
1613 2139 1655 2173 dc
1673 2139 1748 2174 ben.

122 2201 154 2239 7,
176 2200 219 2232 26
246 2200 390 2231 fastidire
416 2210 574 2241 possessa,
602 2210 683 2241 quae
709 2200 861 2241 consequi
887 2210 982 2240 posse
1007 2210 1079 2241 spes
1104 2210 1170 2230 non
1196 2200 1254 2230 fuit
1373 2199 1545 2240 5111316116
1565 2199 1746 2244 (ἱηηιανρ.

122 2268 165 2292 m.
193 2261 212 2291 4
240 2268 269 2293 c.
298 2259 362 2300 6111)
390 2259 633 2289 sumministrari
659 2259 723 2289 uult
752 2258 782 2299 (u
802 2268 852 2291 esc
870 2269 889 2289 ο
908 2259 1017 2301 corr.)
1132 2257 1153 2291 7
1180 2259 1210 2289 111
1230 2263 1419 2300 paupertate
1438 2257 1527 2293 det.:
1558 2260 1748 2300 inpauplalf)

262 2317 282 2347 8
317 2328 389 2348 curn
415 2315 544 2361 vulqo:
579 2319 643 2358 qua
794 2317 856 2348 hae
883 2321 949 2349 unu
975 2328 1074 2357 genus
1102 2317 1137 2349 in.
1164 2327 1297 2351 rasura
1465 2319 1589 2349 uirtutis
1615 2315 1744 2361 aalqo:

118 2376 225 2407 uirtuti
373 2376 413 2409 1⁴2
453 2379 482 2407 et
517 2376 606 2407 exilis
640 2386 778 2418 corpore
813 2374 867 2420 [ae
903 2377 1022 2407 amisso
1057 2374 1164 2419 oculo]
1201 2374 1326 2409 Haase
1360 2380 1389 2408 et
1423 2377 1496 2408 exili
1538 2387 1676 2418 corpore
1710 2387 1747 2407 ac

122 2435 334 2466 macriusculo
362 2434 607 2477 (tenuiusculo?)
636 2433 806 2478 Madm'q:
844 2438 873 2466 el
908 2435 996 2466 exilis
1031 2446 1168 2476 corpore
1196 2446 1233 2466 ac
1261 2436 1380 2466 amisso
1408 2436 1503 2467 oculo
1530 2434 1608 2469 cod.
1635 2435 1685 2467 ila
1712 2438 1748 2467 al

127 2497 208 2527 (nete
243 2494 338 2525 oculo
373 2504 506 2527 rasura
538 2493 583 2526 sit
618 2494 722 2527 triam
758 2493 816 2527 acl
848 2498 1018 2537 qzaellaor
1053 2492 1272 2535 le‘llerarzmt,
1315 2504 1407 2538 quac
1439 2493 1580 2538 quidem
1615 2504 1748 2527 rasura

123 2551 339 2586 etm’ndamli
362 2553 535 2586 rationem
557 2562 714 2597 prorsas
739 2552 911 2586 incertam
934 2552 1045 2595 [aeliz
1073 2557 1151 2585 erat
1177 2562 1253 2585 cam
1282 2553 1479 2586 conicerem
1506 2558 1536 2585 et
1562 2554 1651 2585 exilis
1677 2563 1747 2584 cor-

121 2622 200 2652 pore
226 2622 263 2642 ae
290 2622 424 2642 mancus
450 2612 570 2642 amisso
596 2613 680 2652 pede
705 2612 755 2642 uel
782 2611 821 2653 (1)
848 2611 943 2642 oculo
1115 2611 1154 2643 153
1183 2612 1269 2642 aliud
1297 2613 1331 2653 ((1
1358 2622 1452 2647 corr.
1480 2622 1529 2646 ew
1556 2614 1582 2654 t)

130 2670 165 2703 15
203 2669 277 2714 [ait]
304 2669 432 2714 aulqo:
471 2671 514 2701 ait
647 2670 685 2702 111
719 2670 840 2711 aliquid
868 2670 903 2711 (d
929 2670 1038 2711 corr.)
1168 2670 1303 2701 letitiam
1425 2682 1462 2702 ex
1491 2669 1616 2704 Gercz:
1655 2674 1682 2701 el
1711 2681 1747 2701 ex

244 2729 285 2762 1?
316 2730 460 2761 afficiunt
490 2729 644 2774 (priorf
659 2730 768 2769 corr.)
890 2728 928 2761 21
967 2729 1179 2760 indifferentia
1206 2727 1420 2763 deteriores:
1451 2730 1631 2761 differentia

125 2788 247 2829 aliquid
276 2788 310 2831 (d
337 2789 444 2829 corr.)
473 2789 571 2830 precii
602 2788 678 2830 7(cii
698 2796 714 2821 7
742 2787 776 2820 l'n
803 2788 892 2829 ras.)
1060 2787 1103 2820 ⁸22
1141 2788 1262 2829 aliquid
1288 2789 1322 2829 ((1
1349 2790 1458 2830 corr.)
1604 2788 1647 2821 223
1681 2789 1748 2829 ‹lui-

124 2859 262 2890 busdam
284 2857 396 2903 Neap.
416 2871 422 2889 ι
443 2859 558 2900 qbzdzi
576 2850 628 2890 :nst
650 2858 697 2901 (in
717 2868 801 2898 ras„
821 2868 927 2891 amm!
946 2857 1139 2891 admodmn
1159 2858 1308 2899 racemi)
1413 2858 1454 2891 24
1478 2860 1562 2900 apud
1583 2860 1617 2901 (‹l
1637 2858 1746 2900 corr.)

1769 882 1798 906 10

1770 1234 1798 1259 15

1767 1587 1800 1611 20
