1977 3231
36 1089 56 1121 (G

411 131 704 167 CONTVMELIAM
728 143 923 170 ACCIPERE
949 144 1188 173 SAPIENTEM.
1216 146 1295 174 VIII.
1318 147 1369 172 IX.
1653 152 1704 191 25

87 234 236 274 scimus
279 242 459 275 mortem
512 238 667 278 malum
713 254 796 279 non
840 255 951 290 esse,
994 242 1050 282 ob
1094 243 1175 282 hoc
1214 256 1264 282 ne
1296 244 1480 284 iniuriam
1523 245 1706 296 quidem,

86 305 218 344 multo
242 306 394 346 facilius
416 307 492 364 alia
515 308 794 359 tolerabimus,
829 313 994 361 damna,
1028 313 1206 361 dolores,
1229 313 1487 365 ignominias,
1519 315 1708 355 locorum

86 378 454 425 commutationes,
506 379 726 428 orbitates,
779 382 971 430 discidia,
1028 397 1134 435 quae
1186 385 1438 436 sapientem,
1502 387 1625 425 etiarn
1678 387 1710 426 si

86 446 275 486 uniuersa
313 449 654 498 circumueniant,
701 465 784 491 non
828 459 1042 504 mergunt,
1085 454 1239 493 nedum
1283 461 1327 494 ut
1369 456 1420 494 ad
1453 455 1709 508 singulorum

85 517 267 569 inpulsus
311 526 504 559 maereat.
568 528 609 560 et
651 523 682 561 si
726 522 913 562 fortunae
956 524 1116 563 iniurias
1160 524 1376 564 moderate
1415 525 1509 574 fert,
1551 533 1709 579 quanto

86 588 218 640 magis
250 588 465 629 hominum
499 593 745 643 potentium,
779 608 885 645 quos
917 594 991 634 scit
1024 594 1213 634 fortunae
1245 609 1392 635 manus
1424 600 1541 636 esse?

206 658 275 698 IX.
340 659 495 700 Omnia
527 662 665 714 itaque
698 663 755 703 sic
786 665 939 716 patitur
968 671 1011 703 ut
1043 665 1188 705 hiemis
1221 666 1400 718 rigorem
1435 673 1475 706 et
1508 668 1708 721 intempe-

84 730 257 769 rantiam
282 731 392 779 caeli,
426 738 469 771 ut
492 732 674 773 feruores
699 734 956 786 morbosque
989 742 1030 774 et
1063 742 1201 775 cetera
1233 736 1339 776 forte
1362 738 1601 786 accidentia,
1635 753 1710 778 nec

83 800 135 839 de
167 815 380 853 quoquam
414 808 499 841 tam
534 804 640 843 bene
672 805 833 852 iudicat,
880 813 922 844 ut
966 806 1078 846 illum
1121 807 1342 859 quicquam
1387 814 1505 860 putet
1539 808 1709 848 consilio

83 870 238 919 fecisse,
271 872 384 924 quod
417 874 454 912 in
489 888 571 913 uno
615 875 800 927 sapiente
843 882 916 915 est.
979 877 1151 917 aliorum
1195 878 1382 917 omnium
1415 892 1497 917 non
1531 879 1710 928 consilia,

83 942 157 980 sed
190 941 352 981 fraudes
396 950 437 983 et
479 945 647 984 insidiae
689 952 729 985 et
769 953 908 986 motus
951 948 1184 987 animorum
1228 949 1424 988 inconditi
1456 956 1572 998 sunt,
1604 964 1710 1003 quos

83 1012 245 1051 casibus
284 1013 541 1053 adnumerat.
613 1030 738 1055 omne
776 1023 915 1056 autem
958 1017 1171 1058 fortuitum
1215 1020 1321 1058 circa
1362 1033 1438 1059 nos
1483 1021 1613 1069 saeuit
1655 1035 1709 1060 ex

83 1084 328 1123 aduenticio.
382 1084 479 1124 illud
512 1100 680 1138 quoque
713 1088 881 1139 cogitat,
915 1088 1147 1128 iniuriarum
1171 1089 1367 1129 latissime
1400 1097 1545 1142 patere
1578 1098 1707 1131 mate-

84 1154 184 1193 riam
218 1155 255 1192 in
289 1154 373 1202 illis,
407 1169 481 1208 per
501 1170 608 1208 quae
630 1157 857 1209 periculum
881 1158 1000 1198 nobis
1023 1161 1255 1210 quaesitum
1280 1167 1354 1208 est,
1389 1167 1431 1200 ut
1464 1168 1706 1202 accusatore

82 1226 304 1264 summisso
338 1232 407 1265 aut
439 1227 723 1267 criminatione
765 1227 865 1267 falsa
907 1235 977 1268 aut
1016 1230 1187 1270 inritatis
1229 1231 1268 1269 in
1311 1245 1387 1270 nos
1425 1234 1708 1283 potentiorum

83 1296 200 1343 odiis,
233 1310 422 1349 quaeque
454 1297 531 1337 alia
563 1299 666 1338 inter
697 1305 869 1350 togatos
902 1299 1114 1340 latrocinia
1146 1308 1251 1341 sunt.
1315 1308 1375 1341 est
1399 1310 1440 1343 et
1473 1302 1539 1341 illa
1570 1303 1710 1343 iniuria

83 1365 286 1418 frequens,
319 1368 351 1406 si
373 1367 531 1407 lucrum
565 1369 680 1408 alicui
703 1383 926 1410 excussum
961 1378 1022 1411 est
1045 1378 1115 1411 aut
1137 1373 1368 1425 praemium
1392 1374 1460 1413 diu
1483 1380 1709 1426 captatum,

83 1437 114 1475 si
147 1451 302 1489 magno
334 1438 478 1478 labore
511 1439 719 1479 adfectata
751 1440 956 1481 hereditas
989 1456 1134 1483 auersa
1166 1449 1228 1482 est
1261 1449 1302 1483 et
1323 1451 1601 1496 quaestuosae
1634 1446 1707 1484 do-

84 1521 176 1546 mus
209 1509 340 1559 gratia
373 1516 525 1562 erepta.
578 1511 680 1550 haec
719 1511 865 1563 effugit
908 1513 1091 1564 sapiens,
1134 1514 1202 1566 qui
1240 1514 1369 1553 nescit
1402 1528 1478 1554 nec
1519 1515 1558 1553 in
1590 1529 1709 1567 spem

37 1590 55 1619 :3
83 1592 159 1617 nec
198 1579 237 1617 in
281 1585 438 1618 metum
483 1581 630 1620 uiuere.
694 1581 811 1621 adice
854 1597 962 1622 nunc
999 1585 1115 1636 quod
1157 1585 1342 1623 iniuriam
1384 1598 1510 1624 nemo
1553 1586 1711 1626 inmota

84 1655 223 1688 mente
255 1650 411 1702 accipit,
444 1652 519 1690 sed
551 1651 604 1690 ad
636 1666 802 1692 sensum
836 1654 921 1692 eius
963 1654 1237 1706 perturbatur.
1303 1661 1413 1694 caret
1445 1662 1585 1695 autem
1617 1670 1708 1709 per-

83 1719 319 1759 turbatione
357 1722 416 1759 uir
458 1728 630 1762 erectus.
694 1724 900 1763 erroribus
944 1724 1184 1765 moderatur
1223 1726 1304 1765 suis
1348 1725 1459 1765 altae
1490 1727 1636 1778 quietis
1669 1734 1710 1766 et

82 1789 282 1841 placidae.
345 1805 442 1830 nam
476 1792 507 1831 si
540 1795 675 1845 tangit
706 1793 819 1833 illum
852 1795 1002 1843 iniuria,
1037 1801 1077 1835 et
1110 1802 1252 1836 mouet
1296 1802 1336 1836 et
1368 1796 1533 1849 inpellit.
1597 1803 1710 1836 caret

85 1867 223 1900 autem
258 1861 317 1900 ira
349 1863 522 1914 sapiens,
555 1877 681 1915 quam
705 1865 861 1905 excitat
894 1865 1059 1905 iniuriae
1091 1867 1261 1918 species,
1294 1880 1372 1905 nec
1404 1866 1520 1906 aliter
1553 1873 1710 1907 careret

82 1932 140 1970 ira
174 1932 246 1970 nisi
280 1938 321 1971 et
355 1933 506 1981 iniuria,
539 1948 665 1986 quam
698 1935 773 1974 scit
800 1935 876 1975 sibi
899 1950 984 1975 non
1016 1950 1141 1989 posse
1174 1937 1285 1976 fieri:
1322 1937 1417 1976 inde
1439 1943 1526 1976 tam
1550 1944 1710 1977 erectus
1731 1951 1745 1971 ·-

82 2001 295 2054 laetusque
328 2010 401 2051 est,
434 2004 530 2044 inde
562 2006 759 2045 continuo
782 2007 938 2058 gaudio
972 2006 1114 2047 elatus.
1177 2008 1285 2047 adeo
1319 2013 1459 2047 autem
1493 2009 1547 2047 ad
1580 2008 1707 2048 offen-

82 2072 218 2112 siones
265 2087 403 2112 rerum
452 2074 754 2128 hominumque
804 2090 887 2116 non
927 2077 1202 2128 contrahitur,
1254 2084 1297 2118 ut
1345 2078 1433 2130 ipsa
1476 2078 1528 2118 illi
1572 2079 1711 2117 iniuria

83 2143 169 2182 usui
201 2143 262 2191 sit,
295 2157 369 2196 per
410 2158 535 2196 quam
579 2147 914 2198 experimentum
958 2149 1018 2187 sui
1057 2148 1166 2200 capit
1208 2155 1250 2188 et
1292 2149 1488 2189 uirtutem
1521 2155 1710 2202 temptat.

83 2308 102 2339 '.'
130 2307 251 2337 (lamna
278 2307 407 2339 dolores·
426 2306 638 2342 Pincianus:
669 2310 789 2341 damna
816 2316 845 2341 et
864 2311 993 2342 dolores
1089 2311 1109 2344 4
1137 2313 1258 2343 circum
1285 2313 1415 2344 ueniant
1512 2313 1530 2341 ῗι
1559 2313 1711 2354 impulsus

84 2382 202 2408 mercat
334 2378 347 2411 ἶ
380 2380 505 2420 hyemis
625 2380 645 2413 S
673 2377 884 2423 nccdeq0qufr
1013 2382 1048 2414 Γ.)
1082 2383 1273 2414 adnumerat
1307 2382 1504 2417 deteriores
1529 2382 1707 2417 nonnulli:

84 2436 295 2467 adnumerant
423 2450 459 2469 ex
486 2439 671 2471 aduenticio
698 2437 817 2473 Ji'ocll:
847 2446 877 2471 et
904 2441 1014 2471 inuitia
1146 2439 1247 2484 Cous:
1274 2440 1324 2475 acl
1351 2440 1465 2477 Marc.
1499 2444 1549 2481 10,
1581 2443 1593 2475 l
1624 2443 1710 2483 quod

84 2495 170 2525 circa
197 2506 255 2526 nos
281 2507 317 2527 ex
345 2497 528 2528 aduenticio
555 2498 654 2539 fulget
730 2499 773 2532 (et
800 2500 831 2529 in
858 2500 933 2530 uilia
961 2497 1126 2543 lllaclece'q)
1225 2499 1257 2532 li
1296 2501 1326 2531 in
1355 2501 1417 2531 illis
1444 2499 1613 2545 ssladm'q:
1649 2501 1711 2531 illis

1128 2567 1145 2581 Ο

210 2589 244 2620 ΙῙ)
272 2590 401 2621 irritatis
517 2591 551 2623 Ιῐῐ
578 2592 663 2623 odiis
687 2590 858 2636 llladlliq:
888 2594 984 2624 motis<
1089 2594 1219 2624 lateinia
1247 2594 1281 2635 (ο
1301 2604 1344 2628 m.
1362 2598 1437 2638 pr.)
1552 2594 1585 2627 17
1615 2595 1709 2625 alicui

86 2644 217 2690 Νάρις
248 2648 380 2680 alicuius
525 2650 657 2681 excussu
683 2661 752 2684 nou
781 2662 943 2682 excessum
970 2651 1049 2685 coll.
1172 2654 1214 2685 22
1243 2653 1327 2685 altae
1352 2653 1467 2694 quietis
1493 2658 1521 2684 et
1550 2653 1709 2695 placidae,

83 2714 176 2748 quae
203 2707 386 2750 temptaui!
406 2706 523 2748 Gertz,
551 2707 798 2751 defemlwelm·
815 2708 923 2743 simili
939 2709 1017 2743 loco
1036 2709 1086 2743 ad
1105 2709 1267 2744 Heluium
1288 2714 1319 2753 5,
1339 2714 1357 2743 5
1387 2712 1540 2743 inuictum
1567 2713 1707 2743 animum

87 2769 171 2795 tenet
189 2766 375 2806 exploratae
395 2768 458 2797 iam
478 2768 636 2798 firmitatis
648 2779 655 2804 ;
677 2768 757 2812 ipsa
777 2772 894 2802 aulem
914 2767 1096 2802 conclusio
1111 2768 1225 2812 facile
1241 2768 1430 2814 suppletur
1524 2772 1566 2803 *253
1588 2771 1709 2812 inpellit

614 2834 643 2849 re

86 2855 288 2891 Bentleiusz
327 2860 449 2901 inpedit
575 2869 661 2892 caret
798 2864 841 2896 '3si
878 2874 941 2893 non
970 2874 1062 2904 posse
1096 2864 1163 2895 fieri
1191 2862 1316 2908 uulyo:
1355 2875 1450 2906 posse
1476 2864 1496 2895 fi
1523 2865 1589 2895 lieri

1732 889 1763 914 10

1733 1241 1762 1266 15

1730 1594 1762 1619 '20
