1977 3231
423 125 525 152 DiAL.
548 125 597 152 VI.
637 126 691 151 AD
713 126 900 153 MARCIAM
923 127 974 153 DE
994 127 1315 155 CONSOLATIONE.
1354 130 1398 156 21.
1419 131 1463 156 22.
1671 135 1748 172 147

81 226 100 258 ἴ)
128 223 278 262 diutius
319 235 444 274 quam
488 222 589 261 uixit
622 236 705 261 non
738 222 821 262 fuit.
884 223 992 262 fixus
1025 230 1086 263 est
1119 225 1266 277 cuique
1297 226 1521 265 terminus:
1568 227 1752 266 manebit

127 306 294 344 semper
335 293 405 332 ubi
445 293 603 344 positus
646 299 716 332 est.
781 306 858 332 nec
895 293 1008 332 illum
1052 294 1217 334 ulterius
1260 295 1470 347 diligentia
1511 303 1581 336 aut
1619 298 1752 348 gratia

126 363 405 416 promouebit.
458 363 515 401 sic
548 362 667 410 habe,
700 369 742 401 te
773 362 885 402 illum
919 376 971 402 ex
1007 364 1175 403 consilio
1198 366 1451 417 perdidisse:
1489 366 1579 406 tulit
1601 381 1746 407 suum:

590 440 777 483 metasqm’
808 435 889 471 data·
911 437 1085 483 peruenit
1115 437 1169 472 ad
1195 439 1290 474 aem'.

81 506 100 539 (j
128 527 181 532 -—
227 517 311 543 non
365 510 428 543 est
471 504 608 556 itaque
651 503 765 556 quod
807 505 865 543 sic
906 510 947 543 te
990 518 1160 544 oneres:
1218 508 1351 558 potuit
1399 508 1547 548 diutius
1601 509 1748 548 uiuere.
1770 525 1784 547 ε,

75 1986 94 2018 tc

126 580 314 613 non-est
355 574 582 626 interrupta
621 574 705 613 eius
738 575 821 613 uita
853 587 929 613 nec
961 588 1159 627 umquam
1193 589 1237 615 se
1269 578 1383 616 annis
1415 592 1533 618 casus
1566 580 1749 619 intericit.

125 645 298 684 soluitur
329 646 442 697 quod
476 647 622 697 cuique
653 645 903 696 promissum
938 650 1010 683 est.
1064 652 1162 685 eunt
1185 648 1249 685 uia
1272 660 1344 686 sua
1367 647 1450 687 fata
1473 662 1548 687 nec
1571 650 1751 699 adiciunt

125 717 345 768 quicquam
379 729 454 754 nec
488 729 539 754 ex
574 716 781 767 promisso
814 715 940 754 semel
978 716 1162 755 demunt.
1225 716 1373 756 frustra
1406 726 1505 758 uota
1535 733 1587 759 ac
1615 722 1751 760 studia

125 792 243 826 sunt:
281 786 453 825 habebit
486 786 658 838 quisque
690 792 892 837 quantum
925 785 977 824 illi
1011 787 1097 824 dies
1130 787 1284 839 primus
1317 788 1540 841 adscripsit.
1595 804 1649 829 ex
1681 791 1749 830 illo

125 870 209 909 quo
254 857 431 909 primum
478 857 611 895 lucem
656 857 778 903 uidit,
824 857 900 896 iter
945 857 1090 895 mortis
1133 858 1340 909 ingressus
1388 865 1451 898 est
1496 862 1750 912 accessitque

125 927 210 980 fato
254 928 424 980 propior
463 933 504 966 et
536 926 588 966 illi
620 928 696 979 ipsi
728 928 796 979 qui
829 927 1112 967 adiciebantur
1145 928 1450 969 adulescentiae
1483 933 1599 979 anni,
1643 933 1752 972 uitae

125 997 461 1037 detrahebantur.
524 998 562 1036 in
605 997 686 1037 hoc
730 1011 877 1037 omnes
919 1012 1058 1037 errore
1091 1012 1324 1047 uersamur,
1368 1008 1411 1040 ut
1443 1015 1526 1040 non
1559 1008 1752 1054 putemus

125 1070 179 1108 ad
212 1074 392 1107 mortem
426 1069 499 1107 nisi
531 1082 652 1107 senes
686 1068 984 1120 inclinatosque
1018 1069 1098 1108 iam
1133 1083 1326 1122 uergere,
1361 1085 1454 1110 cum
1487 1060 1554 1111 illo
1587 1073 1753 1113 infantia

124 1139 263 1178 statim
297 1144 338 1177 et
369 1140 546 1186 iuuenta,
581 1140 714 1178 omnis
746 1146 860 1179 aetas
894 1139 1005 1179 ferat.
1061 1147 1190 1192 agunt
1218 1154 1323 1194 opus
1346 1156 1464 1182 51111111
1488 1143 1595 1183 fata:
1632 1145 1752 1183 nobis

124 1223 290 1248 sensum
325 1215 493 1248 nostrae
525 1210 635 1249 necis
668 1208 876 1257 auferunt,
909 1224 1076 1262 quoque
1110 1210 1264 1251 facilius
1296 1213 1495 1266 obrepat,
1530 1228 1643 1253 mors
1674 1215 1752 1253 sub

123 1281 213 1332 ipso
246 1280 354 1319 uitae
376 1280 544 1319 nomine
565 1279 690 1319 latet:
728 1279 939 1320 infantiam
963 1282 1000 1319 in
1024 1295 1068 1320 se
1090 1283 1264 1334 pueritia
1287 1285 1503 1332 conuertit,
1535 1286 1752 1337 pueritiam

123 1350 333 1403 pubertas,
356 1351 546 1389 iuuenem
577 1364 706 1390 senex
730 1351 910 1390 abstulit.
954 1352 1209 1392 incrementa
1231 1354 1330 1406 ipsa,
1353 1355 1385 1393 si
1408 1355 1515 1394 bene
1538 1363 1752 1408 conputes,

124 1422 279 1460 damna
310 1428 415 1461 sunt.

242 1491 374 1531 XXII.
419 1491 624 1545 Quereris,
649 1492 814 1541 Marcia,
848 1507 930 1532 non
959 1500 1044 1533 tam
1071 1495 1139 1533 diu
1162 1494 1287 1534 filium
1310 1502 1426 1535 tuum
1452 1497 1604 1536 uixisse
1625 1511 1751 1550 quam

124 1550 355 1614 potuisset?
396 1563 506 1602 unde
539 1563 647 1601 enim
681 1564 758 1602 scis
791 1577 843 1602 an
877 1565 1027 1604 diutius
1059 1564 1111 1603 illi
1144 1567 1375 1618 expedierit
1408 1568 1573 1606 uiuere?
1616 1581 1664 1607 an
1699 1567 1752 1607 illi

123 1632 200 1672 hac
243 1639 379 1672 morte
422 1632 656 1672 consultum
700 1634 777 1672 sit?
831 1648 954 1686 quem
989 1635 1170 1674 inuenire
1201 1636 1327 1675 hodie
1358 1643 1502 1690 poteS,
1545 1639 1656 1677 cuius
1689 1652 1752 1678 res

123 1710 210 1742 tam
243 1703 351 1742 bene
382 1704 544 1755 positae
576 1703 860 1757 fundataeque
893 1706 983 1753 sint,
1017 1712 1060 1744 ut
1092 1705 1189 1745 nihil
1218 1706 1271 1746 illi
1294 1708 1537 1760 procedenti
1560 1715 1753 1761 tempore

122 1774 354 1814 timendum
397 1774 474 1813 sit?
538 1773 680 1813 labant
723 1774 905 1814 humana
946 1789 994 1814 ac
1036 1775 1165 1815 fluunt
1207 1791 1342 1829 neque
1384 1778 1465 1818 ulla
1507 1793 1600 1831 pars
1644 1781 1752 1819 uitae

123 1850 290 1884 nostrae
331 1850 416 1883 tam
462 1844 649 1883 obnoxia
693 1851 764 1884 aut
806 1852 948 1885 tenera
991 1852 1052 1885 est
1090 1861 1217 1899 quam
1250 1862 1357 1900 quae
1389 1850 1573 1889 maxime
1605 1849 1751 1903 placet,

122 1915 300 1966 ideoque
343 1913 582 1953 felicissimis
626 1915 812 1967 optanda
855 1929 970 1956 mors
1013 1923 1092 1965 est,
1135 1918 1229 1970 quia
1259 1919 1297 1957 in
1330 1925 1444 1958 tanta
1477 1921 1752 1960 inconstantia
1773 1935 1803 1957 ‚3

122 1985 326 2038 turbaque
368 1998 504 2024 rerum
548 1985 644 2024 nihil
687 1987 760 2025 nisi
802 1988 917 2038 quod
960 1989 1170 2040 praeteriit
1213 1995 1371 2028 certum
1415 1996 1488 2030 est.
1550 1991 1640 2043 quis
1678 1991 1751 2030 tibi

121 2056 264 2108 recipit
292 2055 390 2094 illud
425 2055 489 2094 filii
519 2057 576 2094 tui
598 2056 918 2108 pulcherrimum
944 2071 1095 2110 corpus
1118 2065 1159 2098 et
1180 2073 1345 2098 summa
1370 2061 1540 2112 pudoris
1563 2062 1751 2100 custodia

122 2127 226 2165 inter
258 2126 496 2165 luxuriosae
528 2126 640 2165 urbis
673 2126 816 2166 oeulos
851 2135 1142 2168 conseruatum
1175 2131 1361 2181 potuisse
1393 2137 1456 2170 tot
1490 2132 1662 2171 morbos
1694 2135 1751 2171 ita

241 2315 261 2346 2
289 2308 491 2361 diligentiam
520 2318 572 2345 aut
693 2312 713 2346 3
741 2315 785 2345 sic
812 2315 898 2346 habe
925 2318 954 2346 tc
980 2315 1068 2346 illum
1095 2327 1132 2347 ex
1159 2318 1296 2348 consilio
1323 2319 1502 2359 perdidisse
1521 2317 1671 2364 llladm'q
1692 2321 1750 2358 (sic

122 2373 210 2403 habe
237 2371 395 2413 Haase):
433 2373 478 2403 sie
512 2373 634 2404 habent
669 2373 757 2404 illum
793 2374 921 2405 ulterius
957 2374 1160 2416 diligentiam
1196 2388 1231 2407 ex
1267 2377 1403 2408 consilio
1431 2379 1609 2419 perdidisse

123 2430 142 2463 [ἱ
180 2432 270 2462 annis
298 2442 388 2462 casus
415 2441 507 2463 umas·
535 2429 751 2465 deteriorum
781 2442 897 2466 corr.:
934 2434 1025 2464 annis
1051 2435 1179 2465 casibus
1321 2435 1333 2468 ἶ
1371 2440 1443 2467 eunt
1470 2438 1521 2468 uia
1548 2448 1602 2468 sua
1633 2436 1752 2470 Haase

124 2490 168 2530 (ui
195 2501 251 2520 sua
279 2488 420 2533 mclyo):
452 2494 524 2521 eunt
551 2495 582 2521 ut
608 2501 663 2521 sua
809 2493 828 2522 11
855 2492 989 2523 habebit
1017 2490 1235 2526 (lel‹¹re'm·es:
1270 2495 1435 2525 habebunt
1581 2497 1751 2527 adscribsit

262 2547 298 2580 lf)
325 2549 494 2589 accessitq;
526 2550 572 2590 (q:
602 2548 637 2582 in
665 2557 753 2591 ras.)
899 2550 935 2582 14
964 2556 1060 2592 agunt
1088 2549 1272 2585 filamines:
1303 2554 1405 2594 agurii
1549 2554 1585 2587 15
1613 2555 1750 2596 obrepat

126 2605 197 2639 E':
235 2607 405 2647 obreptant
568 2608 602 2641 lij
640 2608 806 2639 infantiam
839 2607 1033 2642 Gruterus:
1072 2610 1224 2642 infantem
1378 2612 1412 2644 11
1442 2618 1608 2654 computes

123 2664 167 2698 ’20
195 2666 349 2706 potuisset
375 2664 560 2699 llluretus:
591 2667 733 2707 potuisse
852 2668 889 2700 '31
922 2679 1017 2709 quem
1046 2667 1260 2702 deteriores:
1291 2675 1452 2712 quemque
1567 2674 1609 2705 ‘32
1637 2673 1749 2703 funda-

123 2727 237 2764 taeque
262 2724 323 2754 sint
349 2729 381 2755 ut
408 2723 626 2758 deteriores:
657 2726 822 2767 fundateq;
852 2733 883 2756 ut
1020 2726 1063 2759 23
1092 2738 1194 2769 neque
1220 2729 1283 2759 ulla
1310 2740 1384 2770 pars
1410 2740 1502 2763 rmus
1530 2729 1746 2764 deteriorum

123 2792 236 2816 corr.:
266 2783 407 2823 nequitia
433 2794 507 2824 pars
640 2784 682 2816 :25
711 2785 808 2826 ideoq
820 2797 840 2816 -:÷:-
969 2785 1011 2818 ’ΔΓ
1041 2786 1107 2816 illut
1134 2790 1160 2823 (t
1187 2797 1281 2821 corr.
1313 2787 1346 2820 in
1374 2789 1409 2829 (l)
1539 2790 1582 2822 ‘2⁵'
1610 2790 1750 2830 potuisse

122 2845 168 2871 tot
196 2838 317 2873 Koch:
347 2843 501 2882 potuisset
527 2846 559 2873 ut
586 2842 650 2880 (ila
676 2842 766 2882 0003.⁷
794 2853 864 2876 uon
891 2845 1032 2885 potuisse
1058 2850 1103 2877 ut)

176 2900 187 2904 “
1402 2906 1465 2937 lo*

1775 875 1802 899 10

1778 1229 1805 1252 15

1773 1580 1805 1604 ’211
