2008 3221
240 123 321 161 170
534 118 637 145 DIAL.
651 118 715 152 Vlg
754 117 809 142 AD
831 115 1065 143 GALLIONEM
1086 116 1139 142 DE
1158 116 1252 143 VITA
1272 117 1413 145 BEATA.
1454 119 1495 145 16.
1518 119 1558 145 17.

236 216 486 256 desiderium
535 215 721 254 omnium
770 213 938 267 posito?
991 213 1089 266 quid
1138 214 1394 254 extrinsecus
1437 229 1543 267 opus
1585 221 1649 255 est
1691 217 1747 264 ei,
1797 217 1864 268 qui

237 287 378 328 omnia
409 300 483 326 sua
514 287 553 325 in
585 298 630 325 se
662 284 856 337 collegit?
899 285 974 324 sed
1007 285 1062 332 ei,
1095 285 1164 336 qui
1195 285 1249 324 ad
1281 285 1476 325 uirtutem
1508 286 1663 334 tendit,
1707 287 1866 327 etiamsi

235 358 412 399 multum
446 358 658 409 processit,
692 370 797 409 opus
830 361 894 396 est
925 355 1061 408 aliqua
1092 355 1284 395 fortunae
1316 356 1572 409 indulgentia
1603 356 1740 396 adhuc
1760 357 1866 397 inter

236 430 418 468 humana
459 427 651 476 luctanti,
706 429 805 467 dum
848 428 1007 466 nodum
1051 426 1162 466 illum
1205 426 1365 467 exoluit
1407 434 1448 468 et
1490 441 1616 467 omne
1658 428 1863 468 uinculum

181 512 196 534 ⁵
235 499 423 540 mortale.
455 512 460 516 ⁴
486 498 584 551 quid
618 512 719 550 ergo
752 499 949 538 interest?
989 498 1104 550 quod
1137 496 1201 536 alii
1233 497 1403 550 adligati
1436 502 1542 547 s‘unt,
1575 498 1639 538 alii
1671 499 1865 548 adstricti,

184 872 213 896 10

183 1227 212 1251 15

180 1580 213 1605 '20

179 1937 212 1961 *25

234 571 298 611 alii
341 570 524 610 destricti
567 583 756 622 quoque:
803 569 890 617 hic,
933 569 1002 622 qui
1044 569 1098 608 ad
1130 569 1343 621 superiora
1374 583 1620 622 progressus
1653 576 1716 610 est
1745 566 1789 610 et
1821 584 1867 610 se

234 641 352 682 altius
386 641 545 690 extulit,
579 640 719 681 laxam
753 647 944 680 catenam
977 640 1102 680 trahit
1134 641 1323 680 nondum
1355 639 1469 689 liber,
1503 641 1584 680 iarn
1617 647 1759 681 tamen
1789 655 1866 694 pro

233 713 376 752 libero.

352 783 488 824 XVII.
550 782 593 823 Si
636 784 725 835 quis
767 783 906 835 itaque
939 796 995 821 ex
1027 782 1133 831 istis,
1177 782 1245 835 qui
1277 781 1585 835 philosophiam
1620 782 1866 832 conlatrant,

233 856 347 909 quod
390 854 549 902 solent,
592 854 764 894 dixerit:
808 867 935 906 quare
979 867 1080 905 ergo
1112 859 1156 893 tu
1190 852 1334 894 fortius
1367 853 1547 906 loqueris
1579 867 1704 906 quam
1738 855 1866 894 uiuis?

233 940 360 979 quare
403 932 444 965 et
486 925 685 978 superiori
728 924 856 977 uerba
898 925 1121 965 summittis
1155 931 1198 965 et
1230 925 1449 977 pecuniam
1483 926 1761 965 necessarium
1794 926 1868 965 tibi

234 1001 553 1038 instrumentum
586 997 802 1037 existimas
835 1002 875 1036 et
907 995 1065 1035 damno
1099 996 1279 1035 moueris
1313 1001 1354 1035 et
1385 995 1574 1035 lacrimas
1603 997 1745 1037 audita
1768 1011 1865 1054 con-

233 1058 357 1121 iugis*
389 1074 461 1108 aut
510 1068 630 1108 amici
683 1074 821 1108 morte
873 1067 1058 1107 demittis
1102 1073 1144 1107 et
1185 1068 1352 1120 respicis
1395 1066 1550 1107 famam
1594 1074 1635 1107 et
1678 1067 1868 1120 malignis

232 1140 495 1180 sermonibus
528 1139 737 1192 tangeris?
770 1152 899 1192 quare
931 1138 1076 1179 cultius
1108 1152 1176 1178 rus
1208 1139 1282 1178 tibi
1315 1145 1378 1179 est
1407 1152 1534 1191 quam
1557 1139 1752 1179 naturalis
1773 1153 1868 1180 usus

234 1212 471 1251 desiderat?
512 1225 582 1251 cur
613 1224 698 1250 non
730 1211 785 1250 ad
817 1211 1118 1263 praescriptum
1151 1217 1269 1250 tuum
1303 1204 1453 1250 cenas?
1495 1224 1566 1250 cur
1598 1210 1672 1249 tibi
1703 1211 1869 1250 nitidior

232 1282 422 1335 supellex
465 1285 555 1322 est?
621 1276 692 1321 ciir
733 1280 844 1334 apud
887 1288 930 1322 te
974 1282 1114 1321 uinum
1156 1287 1295 1321 aetate
1337 1288 1408 1321 tua
1450 1281 1650 1321 uetustius
1689 1281 1867 1321 bibitur?

233 1368 304 1393 cur
350 1368 494 1394 aruum
529 1353 789 1405 disponitur?
835 1367 906 1392 cur
937 1353 1109 1392 arbores
1140 1352 1238 1392 nihil
1271 1358 1438 1404 praeter
1470 1352 1662 1392 umbram
1696 1353 1868 1392 daturae

234 1427 535 1465 conseruntur?
589 1438 716 1477 quare
767 1438 876 1463 uxor
921 1430 992 1464 tua
1034 1423 1253 1476 locupletis
1297 1424 1449 1463 domus
1491 1437 1662 1462 censum
1705 1423 1870 1463 auribus

234 1497 366 1549 gerit?
411 1510 538 1548 quare
581 1495 895 1548 paedagogium
939 1495 1123 1547 pretiosa
1164 1500 1281 1534 ueste
1323 1494 1601 1547 succingitur?
1645 1507 1772 1546 quare
1804 1509 1869 1534 ars

235 1574 298 1608 est
330 1568 444 1620 apud
477 1573 518 1606 te
552 1567 782 1607 ministrare
816 1580 893 1606 nec
925 1572 1084 1606 temere
1117 1572 1159 1606 et
1181 1572 1225 1606 ut
1246 1566 1348 1606 libet
1371 1565 1614 1605 conlocatur
1636 1572 1870 1618 argentum,

233 1640 309 1680 sed
341 1639 472 1692 perite
505 1639 674 1678 struitur
706 1643 747 1678 et
780 1643 842 1677 est
875 1637 1017 1691 aliquis
1049 1637 1264 1677 scindendi
1293 1637 1457 1677 obsonii
1481 1637 1706 1689 magister?
1739 1637 1870 1685 adice,

232 1711 264 1750 si
307 1711 389 1758 uis,
433 1723 504 1750 cur
546 1716 658 1749 trans
694 1722 809 1749 mare
840 1709 1060 1761 possides?
1104 1722 1175 1748 cur
1207 1707 1325 1761 plura
1357 1722 1483 1761 quam
1515 1708 1652 1747 nosti?
1695 1708 1869 1760 turpiter

233 1788 304 1821 aut
345 1787 433 1820 tam
476 1780 706 1833 neglegens
740 1794 804 1829 es,
848 1786 893 1820 ut
925 1793 1009 1819 non
1042 1780 1207 1819 noueris
1238 1779 1438 1832 pauculos
1470 1793 1634 1828 seruos,
1676 1785 1748 1819 aut
1780 1786 1868 1819 tam

232 1853 488 1900 luxuriosus,
532 1858 575 1891 ut
616 1851 754 1904 plures
786 1850 943 1892 habeas
975 1864 1102 1903 quam
1136 1864 1314 1903 quorum
1348 1850 1519 1890 notitiae
1552 1851 1756 1890 memoria
1787 1849 1866 1889 suf-

234 1925 353 1964 ficiat.
416 1922 625 1963 adiuuabo
667 1923 900 1975 postmodo
944 1922 1151 1970 conuicia,
1194 1928 1235 1962 et
1276 1921 1395 1974 plura
1437 1921 1535 1960 mihi
1577 1935 1704 1973 quam
1747 1926 1901 1973 putas}

233 1996 434 2043 obiciam,
477 2008 586 2034 nunc
617 1993 700 2033 hoc
731 1994 969 2046 respondeo
1003 1994 1097 2034 tibi:
1133 2007 1218 2033 non
1249 2007 1342 2033 sum
1375 1993 1539 2045 sapiens
1572 1998 1634 2040 et,
1678 1999 1722 2032 ut
1755 1991 1867 2032 mali-

233 2066 459 2106 uolentiam
502 2072 617 2106 tuam
662 2078 855 2117 pascam,
899 2079 976 2105 nec
1015 2078 1098 2104 ero.
1162 2065 1285 2117 exige
1328 2065 1467 2117 itaque
1509 2078 1533 2103 a
1575 2077 1663 2112 me,
1707 2077 1791 2103 non
1823 2070 1868 2103 ut

233 2138 402 2189 optimis
435 2151 509 2189 par
541 2139 637 2185 sim,
669 2137 745 2176 sed
778 2143 822 2176 ut
855 2136 973 2176 malis
1007 2135 1175 2176 melior:
1222 2135 1304 2175 hoc
1336 2134 1435 2175 mihi
1467 2135 1568 2174 satis'
1598 2141 1682 2183 est,
1715 2134 1868 2174 cotidie

234 2209 386 2260 aliquid
430 2222 483 2247 ex
527 2208 632 2247 uitiis
676 2207 778 2246 meis
822 2209 992 2247 demere
1035 2213 1077 2247 et
1119 2220 1280 2246 errores
1325 2220 1443 2245 meos
1486 2205 1720 2257 obiurgare.
1783 2218 1866 2245 non

235 2338 254 2367 ἴ»
290 2338 377 2379 quod
406 2338 460 2367 alii
488 2337 612 2377 alligati
641 2335 860 2370 (lolere'm·e.s*:
898 2337 985 2377 quod
1013 2347 1086 2367 ame
1113 2336 1238 2377 alligati
1367 2335 1421 2365 alii
1449 2335 1594 2366 adstricti
1622 2334 1675 2365 alii
1703 2332 1834 2377 (altera
1860 2334 1867 2365 i

234 2396 269 2429 ίη,
297 2394 446 2429 uocibus·
465 2397 519 2426 alii
540 2407 561 2427 (c
581 2406 675 2429 carr.
697 2393 837 2431 addita)
953 2396 972 2426 45
1000 2406 1099 2436 quoq;
1114 2406 1134 2424 x<
1258 2394 1300 2427 10
1326 2395 1407 2425 uiuis
1427 2393 1641 2427 deleriorcs:
1672 2395 1758 2424 uiues

241 2456 277 2488 1ῑῖ
305 2455 449 2486 demittis
484 2453 583 2499 quod
615 2457 845 2488 mutauerant
872 2452 1038 2488 Mnrelus
1072 2457 1105 2487 el
1132 2453 1276 2499 Lipsius
1303 2452 1513 2497 defenditur
1539 2451 1616 2486 loco
1648 2451 1754 2496 Verq.
1783 2454 1867 2485 Aen.

234 2518 264 2556 (ὃ,
294 2517 359 2546 455
395 2515 523 2545 demisit
558 2515 708 2545 lacrimas
889 2514 930 2546 'lli
965 2513 1097 2554 supplex
1131 2513 1271 2554 supellex
1308 2513 1454 2553 (supplex
1491 2509 1621 2545 [incola
1657 2514 1868 2543 {rcmsuel'sll

234 2583 401 2625 deletum)
542 2591 615 2626 aput
757 2584 797 2617 li
833 2568 897 2617 ζωῇ
927 2583 1005 2618 cod.
1033 2585 1147 2615 atrium
1176 2581 1327 2627 Madm'ss
1479 2582 1516 2614 lb·
1555 2585 1762 2614 conseruntur
1789 2579 1864 2614 E2:

235 2650 463 2675 consor-uantur
627 2643 662 2675 1⁴.)
697 2644 919 2685 pedagogium
1051 2643 1095 2676 “30
1130 2646 1206 2684 aput
1232 2642 1267 2683 (d
1295 2651 1390 2674 corr.
1419 2651 1468 2675 ea:
1495 2642 1518 2681 t)
1663 2641 1702 2673 {31
1741 2641 1868 2671 struitur

236 2702 401 2748 Ll'psiws':
441 2702 549 2734 >eruis
688 2703 727 2735 L’i
768 2703 928 2734 memoria
963 2702 1081 2735 nescio
1115 2701 1214 2745 qm's:
1252 2702 1410 2741 memorie
1546 2699 1585 2733 ‘li
1626 2711 1690 2730 non
1717 2705 1748 2730 ut
1776 2697 1867 2738 cod„

234 2762 314 2795 icem
345 2759 562 2795 I’inct'amc.s·:
593 2767 624 2792 ut
652 2773 715 2792 non
743 2760 890 2795 fficlmc
917 2765 949 2795 et
975 2759 1099 2794 Haase
1126 2764 1305 2804 tamquam
1321 2769 1382 2802 ⁴eci:
1408 2758 1531 2792 codice
1652 2760 1696 2792 28
1724 2769 1782 2799 par
1806 2758 1866 2789 sim

1263 2827 1271 2843 1

236 2859 285 2895 (ar
311 2856 347 2889 in
373 2856 460 2898 ras.)
584 2856 627 2888 25⁸
655 2856 777 2898 aliquid
805 2856 839 2897 (d
866 2865 916 2890 ea:
942 2861 951 2887 t
979 2856 1089 2897 corr.)
1213 2855 1284 2886 uitis

1895 1150 1915 1182 {C
