1977 3231
47 406 67 436 ζ)

43 2099 62 2130 (κζ

375 159 666 185 CONTVMELlAM
695 159 888 185 ACCIPERE
914 159 1149 185 SAPOENTEM.
1178 159 1256 186 XlV.
1279 158 1341 185 XV.
1364 158 1440 185 XVI.
1661 159 1707 199 31

98 258 205 309 regis
248 256 490 295 recumbere
532 255 633 295 infra
676 270 862 296 mensam
906 256 1098 307 uescique
1137 269 1230 294 cum
1276 256 1403 294 seruis
1442 254 1716 305 ignominiosa

100 326 235 366 officia
277 326 430 366 sortitis
463 326 690 366 iubebitur?
730 327 775 383 ‘si
808 327 906 378 quid
939 326 1050 365 aliud
1084 325 1190 365 ferre
1223 333 1397 378 cogetur
1429 339 1573 364 eorum
1607 338 1715 376 quae

95 398 324 449 excogitari
366 397 513 449 pudori
554 398 734 449 ingenuo
778 398 953 437 molesta
994 399 1192 449 possunt?
1262 398 1301 435 in
1332 403 1715 448 quantumcumque

94 470 170 507 ista
202 467 267 507 uel
299 482 473 507 numero
506 468 571 506 uel
604 469 887 519 magnitudine
921 468 1134 515 creuerint‚
1167 468 1352 506 eiusdem
1376 474 1547 506 naturae
1571 473 1709 506 erunt:

93 539 123 578 si
167 553 249 578 non
291 545 466 591 tangent
508 538 618 579 illum
660 552 806 592 parua,
848 553 899 578 ne
933 540 1088 578 maiora
1120 539 1299 590 quidem.
1362 539 1393 576 si
1425 551 1509 576 non
1541 543 1714 588 tangent
1753 552 1767 575 5

80 609 241 663 pauca,
284 623 336 648 ne
377 609 494 662 plura
534 610 714 661 quidem.
777 611 851 649 sed
885 624 938 649 ex
972 609 1232 648 inbecillitate
1265 614 1403 648 uestra
1435 609 1714 647 coniecturam

94 681 236 733 capitis
269 681 444 731 ingentis
476 681 611 727 animi,
644 687 684 720 et
717 694 811 719 cum
845 680 1068 732 cogitastis,
1102 685 1304 731 quantum
1336 680 1489 732 putetis
1523 692 1598 717 uos
1630 679 1714 731 pati

30 764 39 768 ·
92 765 234 804 posse,
278 752 473 803 sapientis
506 752 729 803 patientiae
762 751 886 804 paulo
921 751 1157 790 ulteriorem
1190 750 1411 789 terminum
1443 751 1615 802 ponitis:
1673 755 1715 788 at

92 822 202 862 illum
245 823 284 862 in
327 822 410 861 aliis
454 823 595 861 mundi
635 822 786 861 finibus
828 836 901 861 sua
940 823 1065 860 uirtus
1098 820 1335 860 conlocauit
1368 820 1463 859 nihil
1497 820 1713 859 uobiscum

45 902 63 931 ξ’
92 906 314 932 commune
357 892 594 932 habentem.
656 906 809 945 quaere
853 898 1080 944 et-aspera
1123 898 1164 930 et
1206 904 1495 943 quaecumque
1535 890 1713 929 toleratu
1738 904 1768 928 10

91 964 231 1015 grauia
273 969 367 1002 sunt
410 964 636 1015 audituque
681 969 722 1002 et
764 963 849 1002 uisu
895 962 1157 1014 refugienda:
1216 975 1297 1001 non
1337 962 1536 1000 obruetur
1569 974 1713 1000 eorum

91 1040 213 1073 coetu
257 1039 298 1072 et
340 1033 469 1084 qualis
513 1020 697 1085 singuliS,
741 1033 831 1072 talis
874 1033 1072 1072 uniuersis
1118 1033 1303 1072 obsistet.
1367 1033 1435 1083 qui
1478 1033 1574 1071 dicit
1617 1031 1713 1070 illud

91 1104 305 1144 tolerabile
347 1104 537 1156 sapienti,
582 1103 678 1143 illud
712 1104 989 1151 intolerabile,
1023 1110 1063 1143 et
1095 1104 1217 1142 animi
1252 1103 1578 1153 magnitudinem
1610 1103 1715 1140 intra

91 1181 228 1214 certos
261 1174 362 1214 fines
395 1180 521 1222 tenet,
555 1174 663 1213 male
696 1175 803 1225 agit:
851 1175 973 1213 uincit
1006 1187 1082 1213 nos
1114 1174 1291 1221 fortuna,
1324 1174 1395 1212 nisi
1418 1179 1507 1212 tota
1530 1173 1714 1212 uincitur.

90 1260 141 1285 ne
164 1251 284 1298 putes
308 1246 427 1284 istam
447 1244 632 1284 Stoicam
656 1258 746 1283 esse
770 1245 972 1292 duritiam,
1002 1237 1216 1296 Epicurus,
1246 1258 1370 1296 quem
1394 1258 1468 1282 uos
1490 1249 1713 1295 patronum
1739 1256 1767 1280 15

89 1317 258 1356 inertiae
288 1321 451 1355 uestrae
483 1316 697 1355 adsumitis
730 1316 966 1368 putatisque
999 1314 1138 1354 mollia
1170 1328 1217 1354 ac
1249 1315 1457 1353 desidiosa
1479 1314 1716 1366 praecipere

90 1392 131 1426 et
163 1388 217 1426 ad
251 1386 485 1439 uoluptates
517 1386 728 1434 ducentia,
760 1399 872 1434 raro,
906 1386 1051 1438 inquit,
1085 1382 1250 1425 fortuna
1281 1384 1455 1438 sapienti
1487 1384 1714 1423 interuenit.

89 1471 214 1509 quam
237 1470 369 1509 paene
392 1457 526 1496 emisit
559 1457 629 1495 uiri
652 1459 827 1496 uocem!
865 1457 924 1495 uis
954 1462 999 1495 tu
1027 1455 1173 1495 fortius
1196 1456 1306 1507 loqui
1330 1460 1370 1494 et
1393 1454 1503 1494 illam
1536 1468 1590 1493 ex
1623 1460 1715 1493 toto

89 1530 378 1567 summouere!
420 1528 571 1566 domus
593 1527 697 1566 haec
718 1528 912 1580 sapientis
935 1533 1122 1579 angusta,
1155 1529 1240 1566 sine
1263 1526 1385 1574 cultu,
1418 1526 1503 1565 sine
1531 1527 1715 1577 strepitu,

91 1598 176 1637 sine
209 1599 434 1650 adparatu,
477 1597 595 1636 nullis
640 1599 884 1637 adseruatur
915 1597 1153 1637 ianitoribus
1186 1597 1351 1636 turbam
1384 1596 1517 1635 uenali
1550 1595 1714 1634 fastidio
1735 1608 1768 1632 πο

90 1668 391 1720 digerentibus,
434 1669 509 1707 sed
551 1682 625 1720 per
666 1667 748 1706 hoc
790 1668 913 1707 limen
957 1681 1134 1706 uacuum
1176 1674 1216 1705 et
1249 1668 1302 1705 ab
1336 1666 1509 1705 ostiariis
1542 1665 1714 1704 liberum

90 1737 254 1777 fortuna
285 1751 368 1776 non
401 1739 556 1777 transit.
611 1738 685 1777 scit
717 1752 800 1777 non
835 1752 925 1777 esse
957 1738 1034 1778 illic
1056 1738 1130 1777 sibi
1159 1738 1315 1784 locum,
1347 1737 1417 1775 ubi
1440 1737 1499 1776 sui
1521 1736 1619 1775 nihil
1641 1743 1713 1775 est.

208 1808 323 1849 XVI.
367 1807 530 1860 Quodsi
554 1808 756 1860 Epicurus
789 1822 968 1860 quoque,
1000 1809 1068 1860 qui
1101 1808 1265 1861 corpori
1293 1807 1514 1860 plurimum
1538 1806 1714 1853 indulsit,

89 1879 292 1918 aduersus
334 1879 495 1918 iniurias
528 1880 718 1931 exurgit,
760 1879 858 1930 quid
892 1880 1002 1930 apud
1035 1892 1112 1917 nos
1145 1878 1382 1917 incredibile
1414 1877 1542 1916 uideri
1574 1883 1714 1928 potest

90 1955 160 1988 aut
192 1963 316 2001 supra
348 1948 555 1988 humanae
587 1955 758 1988 naturae
791 1951 1057 1988 mensuram?
1102 1948 1166 1987 ille
1199 1947 1446 1987 ait'iniurias
1478 1947 1713 1986 tolerabiles
1732 1961 1765 1985 2³

90 2033 179 2059 esse
210 2021 394 2072 sapienti,
426 2034 502 2059 nos
535 2021 695 2059 iniurias
728 2033 812 2058 non
844 2033 945 2059 esse.
999 2033 1074 2059 nec
1106 2020 1214 2058 enim
1244 2025 1324 2067 est,
1356 2018 1471 2070 quod
1500 2018 1612 2056 dicas
1633 2017 1714 2056 hoc

89 2096 259 2130 naturae
292 2104 535 2143 repugnare.
588 2105 671 2129 non
705 2104 907 2142 negamus
939 2104 1025 2129 rem
1054 2089 1365 2129 incommodam
1394 2102 1485 2128 esse
1508 2089 1714 2128 uerberari

88 2167 129 2201 et
172 2160 307 2213 inpelli
350 2167 391 2200 et
435 2162 572 2212 aliquo
607 2161 798 2200 membro
832 2175 990 2209 carere,
1035 2162 1108 2200 sed
1142 2161 1281 2200 omnia
1313 2161 1389 2199 ista
1422 2173 1623 2211 negamus
1656 2159 1712 2197 in-

89 2232 207 2270 iurias
240 2245 340 2270 csse.
394 2245 477 2270 non
501 2245 667 2270 sensum
691 2231 763 2270 illis
787 2231 942 2271 doloris
965 2231 1231 2278 detrahimus,
1263 2231 1338 2270 sed
1361 2244 1514 2269 nomen
1537 2230 1712 2276 iniuriae,

88 2302 202 2354 quod
235 2316 318 2340 non
351 2307 492 2354 potest
526 2303 647 2354 recipi
678 2303 827 2341 uirtute
855 2302 978 2341 salua.
1031 2308 1121 2341 uter
1153 2302 1286 2340 uerius
1316 2301 1425 2340 dicat
1455 2301 1708 2340 uidebimus:
1733 2314 1766 2338 30

88 2373 140 2411 ad
184 2378 473 2424 contemptum
505 2373 673 2424 quidem
707 2373 871 2411 iniuriae
911 2379 1083 2423 uterque
1129 2372 1347 2411 consentit.
1409 2372 1570 2422 quaeris
1614 2371 1712 2422 quid

89 2443 192 2481 inter
235 2444 342 2481 duos
383 2443 567 2482 intersit?
627 2444 743 2494 quod
786 2444 890 2482 inter
929 2443 1182 2493 gladiatores
1224 2441 1487 2490 fortissimos,
1535 2430 1711 2493 quorum

88 2526 200 2528 jassr
241 2526 248 2528 s
260 2526 286 2528 W
296 2526 325 2528 ,ἡ
337 2527 351 2529 7,
672 2529 680 2546 t

207 2575 225 2603 (ἱ
254 2572 475 2602 imbecillitate
595 2574 615 2603 ὅ
643 2572 745 2615 adillii
867 2575 887 2602 ff>
915 2572 1089 2601 collocauit
1218 2571 1254 2602 lu
1280 2582 1397 2611 quaere
1416 2568 1584 2614 llladtcz'qs:
1614 2580 1712 2610 quare

214 2631 249 2663 12
277 2636 347 2671 cetu
468 2631 544 2660 illud
580 2630 614 2672 (d
641 2640 691 2663 ειν
717 2635 727 2660 t
754 2634 864 2671 corr.)
996 2630 1030 2661 10
1061 2634 1167 2670 putes,
1202 2641 1244 2661 m.
1273 2639 1343 2663 rec.
1372 2638 1555 2674 superscr.
1584 2629 1592 2658 1
1621 2629 1711 2658 dicas<

276 2696 292 2711 o
1293 2683 1304 2718 f
1677 2694 1692 2709 u

205 2729 301 2765 patri-1
330 2725 363 2766 (o
391 2735 433 2758 m,
458 2725 532 2768 pr.)
650 2724 685 2756 lm*
713 2735 793 2765 pene
909 2726 953 2756 ⁴3⁴)
980 2727 1136 2765 apparatu
1262 2724 1447 2754 adseruntur
1556 2723 1593 2755 *Jl
1626 2732 1709 2753 uacu

247 2782 261 2805 h
359 2781 365 2805 i
1149 2788 1166 2811 p
1286 2770 1293 2776 '

206 2818 377 2848 abostiaris
498 2817 537 2850 ’,ἐξ
576 2818 628 2858 qui
664 2818 695 2847 id
732 2815 853 2849 Haase
973 2817 1010 2848 :31
1051 2821 1187 2849 contem
1309 2818 1352 2849 33¹3
1388 2817 1467 2847 inter
1502 2817 1582 2846 duos
1617 2820 1711 2848 recle

89 2877 206 2907 luetur
235 2874 341 2908 Gertz
