2008 3221
229 105 314 146 206
447 101 551 127 DIAL.
573 100 624 127 IX.
662 100 717 125 AD
740 96 926 123 SERENVM
948 96 1000 122 DE
1019 96 1373 130 TRANQVILLITATE
1391 95 1522 124 ANIMI.
1561 97 1587 123 8.
1608 96 1636 123 9.

231 213 322 239 esse
354 198 585 238 debuerant
618 196 703 234 duo
732 195 868 234 uicarii
897 199 939 233 et
961 192 1064 233 cella
1084 192 1231 233 laxior.
1283 198 1325 232 at
1346 192 1527 244 Diogeni
1549 206 1692 233 seruus
1715 194 1855 233 unicus
1881 199 1902 234 7

230 269 330 321 fugit
372 281 449 306 nec
486 279 581 306 eum
615 266 833 312 reducere,
877 277 971 303 cum
1004 269 1327 311 monstraretur,
1370 264 1473 302 tanti
1504 264 1675 316 putauit.
1736 270 1857 316 turpe

232 346 305 385 est,
338 338 478 389 inquit,
512 336 668 375 Manen
700 336 786 374 sine
808 335 1002 386 Diogene
1034 347 1159 386 posse
1192 333 1341 381 uiuere,
1373 333 1594 385 Diogenen
1623 334 1710 373 sine
1731 334 1859 373 Mane

232 423 316 448 non
359 421 495 461 posse.
559 406 721 445 uidetur
764 404 863 444 mihi
905 405 1084 444 dixisse:
1132 417 1212 456 age
1253 409 1369 442 tuum
1411 404 1648 455 negotium,
1682 403 1859 444 fortuna.

198 496 212 518 5
233 479 329 518 nihil
372 477 481 531 apud
514 476 736 527 Diogenen
776 476 857 514 iam
896 476 953 514 tui
986 481 1059 514 est.
1123 474 1226 525 fugit
1260 473 1357 513 mihi
1389 466 1553 522 seruus,
1595 475 1726 514 immo
1758 474 1862 514 liber

186 845 215 869 10

191 1199 219 1221 15

190 1550 223 1574 ‘20

233 550 342 588 abiit.
405 547 557 587 familia
588 548 691 599 petit
723 546 961 585 uestiarium
993 546 1232 597 uictumque
1305 550 1370 583 tot
1403 550 1569 584 uentres
1600 545 1858 584 auidissimo-
1886 548 1909 583 8

234 633 323 659 rum
357 617 594 658 animalium
627 617 771 656 tuendi
803 621 908 655 sunt.
971 616 1151 654 emenda
1182 615 1308 654 uestis
1341 621 1380 654 et
1412 615 1711 654 custodiendae
1743 628 1861 668 rapa-

235 691 423 729 cissimae
464 701 610 728 manus
653 692 694 726 et
736 686 923 725 flentium
968 686 1349 737 detestantiumque
1387 686 1618 724 ministeriis
1651 686 1863 725 utendum.

235 767 392 813 quanto
436 758 501 798 ille
534 757 710 804 felicior,
753 757 822 809 qui
855 755 952 795 nihil
984 755 1051 794 ulli
1084 755 1233 801 debet,
1277 755 1351 794 nisi
1383 755 1479 807 quoi
1514 754 1705 794 facillime
1736 761 1889 807 negat.

235 830 335 870 sibi!
382 830 457 868 sed
489 828 686 880 quoniam
718 840 803 866 non
837 831 899 865 est
931 826 1054 865 nobis
1076 831 1237 865 tantum
1261 825 1436 873 roboris,
1468 826 1733 876 angustanda
1755 830 1866 864 certe
1892 829 1912 863 9

236 906 330 940 sunt
380 899 648 952 patrimonia,
698 903 743 936 ut
792 897 925 935 minus
969 897 1022 934 ad
1065 896 1227 935 iniurias
1270 892 1461 934 fortunae
1502 896 1630 934 simus
1674 896 1865 948 expositi.

235 970 439 1011 habiliora
470 975 566 1008 sunt
599 981 779 1019 corpora
810 969 849 1006 in
877 966 1000 1014 bella,
1032 979 1139 1018 quae
1168 967 1208 1005 in
1231 979 1349 1005 arma
1369 979 1444 1005 sua
1466 965 1656 1005 contrahi
1678 972 1866 1017 possunt,

237 1055 363 1094 quam
406 1054 513 1094 quae
555 1038 909 1091 superfunduntur
951 1043 993 1076 et
1026 1037 1208 1089 undique
1242 1036 1491 1088 magnitudo
1523 1049 1598 1075 sua
1630 1036 1867 1076 uolneribus

240 1113 391 1152 obicit:
440 1113 625 1163 optimus
657 1110 859 1161 pecuniae
891 1108 1044 1147 modus
1068 1114 1142 1155 est,
1176 1108 1244 1159 qui
1268 1120 1344 1145 nec
1366 1108 1407 1145 in
1429 1113 1722 1158 paupertatem
1746 1108 1868 1154 cadit,

240 1197 316 1222 nec
348 1182 493 1235 procul
525 1196 550 1221 a
581 1186 831 1232 paupertate
864 1179 1051 1218 discedit.

360 1254 430 1293 IX.
480 1251 665 1291 Placebit
705 1256 846 1290 autem
878 1249 983 1289 haec
1014 1249 1137 1288 nobis
1170 1261 1375 1295 mensura,
1408 1248 1440 1287 si
1472 1249 1583 1300 prius
1616 1250 1871 1300 parsimonia
1903 1253 1912 1285 l

241 1325 462 1377 placuerit,
503 1325 591 1362 sine
632 1336 713 1374 qua
756 1334 833 1360 nec
864 1320 970 1360 ullae
1003 1333 1106 1371 opes
1138 1318 1365 1366 sufficiunt,
1408 1332 1484 1358 nec
1516 1318 1622 1358 ullae
1653 1332 1738 1358 non
1770 1320 1871 1358 satis

242 1402 410 1448 patent,
459 1394 706 1446 praesertim
756 1405 851 1430 cum
893 1393 932 1430 in
976 1392 1111 1430 uicino
1153 1390 1390 1429 remedium.
1429 1391 1481 1428 sit
1524 1394 1567 1428 et
1608 1390 1742 1441 possit
1783 1391 1873 1441 ipsa

242 1472 468 1518 paupertas
490 1466 529 1504 in
552 1465 716 1503 diuitias
738 1476 783 1501 se
806 1463 1015 1501 aduocata
1032 1460 1268 1512 frugalitate
1284 1466 1539 1500 conuertere.
1574 1460 1871 1500 adsuescamus
1897 1464 1917 1497 ‘2

244 1552 268 1576 a
299 1536 419 1575 nobis
452 1547 670 1575 remouere
701 1546 917 1585 pompam,
950 1538 992 1572 et
1025 1546 1121 1571 usus
1153 1545 1300 1579 rerum,
1334 1544 1418 1570 non
1452 1537 1699 1571 ornamenta
1727 1532 1873 1570 metiri.

245 1607 360 1647 cibus
403 1605 557 1646 famem
601 1605 769 1651 domet,
813 1604 934 1655 potio
977 1604 1112 1650 sitim,
1155 1601 1285 1641 libido
1327 1615 1410 1653 qua
1451 1614 1622 1641 necesse
1664 1607 1730 1641 est
1763 1600 1873 1641 fluat.

246 1680 455 1717 discamus
495 1675 695 1715 membris
733 1675 886 1714 nostris
919 1675 1056 1721 inniti,
1100 1673 1256 1712 cultum
1290 1674 1531 1724 uictumque
1562 1685 1645 1711 non
1678 1673 1732 1712 ad
1765 1685 1876 1711 noua

246 1748 443 1801 exempla
485 1759 747 1799 conponere,
790 1746 865 1784 sed
908 1751 953 1784 ut
996 1746 1202 1783 maiorum
1242 1757 1381 1783 mores
1414 1744 1604 1783 suadent.
1667 1744 1875 1782 discamus

247 1820 547 1859 continentiam
581 1830 757 1868 augere,
799 1815 1006 1855 luxuriam
1040 1828 1254 1862 coercere,
1297 1813 1474 1866 gloriam
1507 1820 1766 1865 temperare,
1799 1815 1874 1852 ira-

196 1905 227 1928 --·»
249 1890 440 1930 cundiam
474 1888 621 1935 lenire,
661 1892 956 1939 paupertatem
990 1887 1131 1938 aequis
1165 1885 1294 1924 oculis
1327 1886 1565 1937 adspicere,
1597 1884 1876 1936 frugalitatem

249 1960 406 2007 colere,
449 1960 611 1998 etiamsi
653 1957 808 1997 multos
849 1957 1027 2008 pudebit
1060 1958 1146 1996 eius
1179 1956 1333 2003 cultus,
1377 1955 1592 1995 desideriis
1624 1955 1878 1995 naturalibus

253 2137 266 2169 1
307 2140 338 2167 at
364 2134 388 2179 (t
415 2134 525 2176 corr.)
671 2135 815 2175 Diogeni
841 2132 968 2178 uulqo:
999 2134 1160 2175 diogenen
1306 2132 1325 2165 3
1360 2132 1440 2174 inqd
1577 2132 1696 2162 Manen
1723 2135 1756 2164 el
1782 2132 1881 2161 Mane

251 2194 370 2229 nescio
405 2194 502 2238 qm's:
541 2194 672 2224 inathen
707 2198 740 2226 ec
773 2193 884 2223 mathe
1052 2191 1072 2224 4
1106 2203 1168 2233 age
1199 2195 1287 2223 tuum
1313 2192 1499 2233 negotium,
1534 2191 1662 2222 fortuna
1689 2189 1739 2233 (in
1765 2199 1880 2234 Μάνῃ.

252 2276 296 2301 m.
317 2266 357 2298 3:
387 2268 419 2296 ut
444 2265 502 2295 uiri
529 2264 656 2300 uxorib3
686 2263 801 2296 libelll‘l
828 2263 954 2305 repudii
979 2263 1174 2294 remittentes
1200 2253 1311 2295 scrib-t.
1338 2273 1400 2303 age
1418 2262 1505 2293 habe
1523 2262 1581 2293 tibi
1601 2261 1715 2293 mulier
1732 2272 1781 2292 res
1800 2259 1881 2301 tuas)

389 2324 497 2365 ‹pinihi
1824 2355 1828 2359 ²

373 2370 392 2403 5
420 2372 463 2401 mi
491 2370 689 2414 (suprascr.
709 2380 753 2403 m.
772 2369 858 2410 rec.)
969 2372 1053 2414 post
1076 2379 1182 2400 seruus
1205 2378 1275 2413 pro
1301 2368 1403 2413 se’yno
1430 2366 1723 2412 z'nterroqalz'ouis
1748 2376 1884 2400 comma

252 2429 373 2474 posuit
395 2428 501 2462 Gertz
617 2431 635 2461 {j
656 2430 722 2460 abit
742 2428 865 2471 (corr.)
978 2429 1133 2461 uestiariu
1152 2428 1238 2469 (arisi
1259 2427 1294 2460 in
1313 2427 1413 2469 ras.)'
1516 2428 1537 2459 8
1557 2427 1795 2467 ‹letestatiumq2

592 2487 608 2511 d

256 2524 276 2555 9
303 2524 352 2555 cui
380 2521 562 2556 Muretus:
592 2534 613 2564 q
640 2524 674 2563 (d
694 2521 839 2555 uidetur
853 2521 971 2565 fuisse
989 2524 1023 2562 ο)
1152 2522 1184 2554 ll
1215 2526 1247 2553 ut
1274 2521 1368 2565 (ante
1393 2526 1423 2552 ut
1451 2531 1584 2554 rasura
1610 2519 1714 2552 unius
1733 2517 1885 2562 laterae)

375 2582 418 2614 12
446 2582 476 2612 in
504 2582 589 2612 bella
617 2580 829 2615 Pincianus:
860 2581 1012 2612 inbecillo
1041 2582 1073 2622 (ο
1099 2580 1134 2613 in
1152 2581 1240 2622 ras.)
1369 2580 1405 2611 13
1432 2580 1589 2616 uulnerib;
1721 2577 1755 2611 Η
1785 2578 1887 2608 obicit

259 2640 383 2674 Gertz:
413 2641 534 2671 obiecit
657 2640 699 2673 17
725 2641 788 2671 ulle
909 2640 951 2671 ‘233
980 2644 1147 2681 coponere
1267 2638 1309 2672 24
1336 2639 1476 2679 gloriam
1497 2636 1619 2671 Haase
1637 2648 1716 2670 cam
1737 2636 1886 2670 deterio—

257 2699 358 2732 ribus
392 2698 627 2742 quibusdam:
664 2699 754 2740 giam
790 2698 828 2731 ia
861 2704 913 2732 est
945 2699 1102 2739 gloriam,
1137 2702 1175 2731 ut
1209 2707 1329 2741 saepe,
1364 2695 1441 2731 cod.
1469 2697 1578 2738 gulam
1613 2694 1721 2740 nal-qo

258 2757 301 2790 25
337 2759 480 2799 aspicere
624 2758 667 2790 2ss
701 2758 826 2788 etiamsi
860 2757 978 2788 multos
1004 2757 1137 2797 pudebit
1164 2757 1230 2788 eius
1256 2757 1357 2787 cultus
1384 2754 1483 2789 Koch
1511 2755 1574 2798 (cf.
1603 2754 1646 2788 de
1673 2758 1781 2788 const.
1808 2764 1886 2798 sap.

263 2819 314 2855 17,
342 2819 359 2849 «2
396 2817 573 2858 sapientiae
599 2817 710 2858 cultu),
743 2817 870 2847 etiamsi
897 2815 1015 2846 mullos
1042 2815 1175 2857 pudebit
1203 2815 1313 2856 templi
1341 2815 1406 2846 eius
1432 2812 1602 2858 Madm'q:
1642 2814 1706 2845 elii-t
1731 2814 1756 2844 si
1784 2813 1887 2843 mulos
