2008 3221
255 119 338 158 208
467 114 571 140 DIAL.
589 114 639 141 lX.
679 114 732 139 AD
754 111 942 138 SERENVM
964 111 1016 137 DE
1035 109 1389 143 TRANQVILLITATE
1407 109 1538 136 ANIMI.
1575 110 1602 136 9.
1627 110 1668 135 10.

255 212 515 264 adparatum.
576 209 809 256 honestius,
842 210 987 261 inquis,
1021 209 1102 249 huc
1132 223 1177 249 se
1209 212 1404 263 inpensae
1436 223 1562 262 quam
1595 212 1633 249 in
1668 208 1881 250 Corinthia
1907 210 1926 243 6

254 283 467 333 pictasque
507 279 672 318 tabulas
715 278 947 319 effuderint.
1010 280 1203 319 uitiosum
1246 287 1310 320 est
1347 281 1520 333 ubique,
1562 282 1677 333 quod
1709 282 1879 320 nimium

255 357 327 390 est.
390 349 487 402 quid
529 349 683 396 habes,
726 363 796 389 cur
839 350 1031 402 ignoscas
1063 349 1221 390 homini
1253 353 1428 390 armaria
1459 353 1563 391 citro
1597 357 1721 404 atque
1754 351 1882 391 ebore

255 422 458 472 captanti,
503 434 683 472 corpora
721 421 978 472 conquirenti
1012 427 1082 461 aut
1114 423 1355 472 ignotorum
1388 427 1605 461 auctorum
1640 428 1711 461 aut
1743 410 1880 474 inpro-

202 506 216 527 .·›
254 492 451 530 batorum
483 497 525 530 et
547 492 652 529 inter
673 496 738 530 tot
761 491 870 530 milia
892 491 1092 530 librorum
1116 492 1318 539 oscitanti,
1350 494 1411 531 cui
1434 491 1689 531 uoluminum
1714 505 1882 531 suorum

206 856 233 879 10

203 1557 237 1582 20

254 561 411 600 frontes
442 562 627 600 maxime
649 561 814 614 placent
836 561 1050 614 titulique?
1094 562 1206 614 apud
1229 562 1577 602 desidiosissimos
1599 576 1700 614 ergo
1723 561 1884 601 uidebis

255 631 454 684 quidquid
488 632 727 670 orationum
760 631 1107 684 historiarumque
1140 638 1213 679 est,
1246 638 1361 672 tecto
1393 640 1515 673 tenus
1538 639 1750 672 exstructa
1771 632 1882 672 locu-

254 702 449 741 lamenta.
512 703 593 740 iam
628 704 736 741 enim
770 703 874 742 inter
905 702 1116 742 balnearia
1148 709 1188 742 et
1210 702 1395 743 thermas
1422 703 1696 755 bybliotheca
1717 715 1886 755 quoque

255 779 299 811 ut
340 772 618 811 necessarium
664 773 816 812 domus
849 779 1143 813 ornamentum
1177 773 1396 825 expolitur.
1459 775 1719 826 ignoscerem
1751 772 1884 826 plane,

254 843 285 881 si
317 843 549 881 studiorum
582 843 708 882 nimia
740 843 931 895 cupidine
963 849 1191 884 erraretur:
1238 857 1346 883 nunc
1368 844 1446 884 ista
1468 844 1697 896 conquisita
1720 857 1767 883 ac
1790 856 1884 882 curn

256 912 503 964 imaginibus
546 913 626 951 suis
668 913 863 966 discripta
906 926 1118 953 sacrorum
1163 928 1293 966 opera
1333 915 1593 966 ingeniorum
1632 914 1671 952 in
1703 914 1884 965 speciem

259 990 298 1022 et
334 982 488 1021 cultum
521 985 727 1035 parietum
760 990 1048 1036 conparantur.

374 1054 425 1093 X.
488 1053 550 1092 At
594 1054 631 1092 in
671 1054 840 1106 aliquod
874 1068 1005 1106 genus
1038 1057 1147 1094 uitae
1181 1053 1346 1094 difficile
1378 1055 1555 1094 incidisti
1589 1059 1630 1093 et
1662 1054 1736 1094 tibi
1768 1055 1885 1105 igno-

255 1126 360 1163 ranti
403 1124 469 1163 uel
510 1124 677 1177 publica
719 1125 885 1164 fortuna
916 1125 982 1164 uel
1015 1127 1175 1177 priuata
1205 1125 1400 1178 laqueum
1433 1127 1611 1178 inpegit,
1654 1138 1779 1177 quem
1812 1138 1888 1163 nec

222 1207 236 1229 ι’)
256 1195 420 1234 soluere
462 1196 597 1247 possis
634 1209 711 1235 nec
743 1210 959 1249 rumpere:
1007 1198 1147 1249 cogita
1179 1197 1427 1249 compeditos
1460 1198 1595 1249 primo
1629 1208 1753 1247 aegre
1785 1194 1889 1234 ferre

258 1279 386 1305 onera
423 1272 464 1305 et
496 1267 786 1318 inpedimenta·
812 1281 987 1307 crurum.
1052 1268 1203 1307 deinde
1235 1267 1303 1306 ubi
1335 1281 1419 1306 non
1451 1268 1653 1318 indignari
1685 1265 1773 1313 illa,
1815 1265 1887 1304 sed

191 1332 199 1340 ”
257 1337 342 1390 pati
375 1344 694 1389 proposuerunt,
728 1340 951 1377 necessitas
982 1337 1143 1377 fortiter
1175 1337 1279 1378 ferre
1309 1339 1445 1386 docet,
1479 1338 1738 1377 consuetudo
1761 1335 1888 1376 facile.

257 1409 440 1447 inuenies
482 1409 522 1446 in
565 1407 754 1459 quolibet
796 1422 950 1460 genere
990 1409 1099 1448 uitae
1131 1408 1445 1449 oblectamenta
1476 1415 1517 1448 et
1549 1408 1814 1447 remissiones
1847 1413 1889 1446 et

258 1478 521 1530 uoluptates:
570 1480 603 1518 si
646 1479 846 1527 uolueris,
889 1479 998 1519 mala
1039 1485 1187 1532 putare
1221 1479 1329 1519 leuia
1359 1480 1497 1532 potius
1529 1492 1656 1531 quam
1689 1478 1891 1517 inuidiosa

259 1549 404 1589 facere.
466 1548 577 1588 nullo
611 1549 756 1589 melius
788 1552 958 1590 nomine
990 1551 1044 1590 de
1076 1550 1197 1590 nobis
1230 1556 1376 1590 natura
1408 1551 1578 1598 meruit,
1610 1561 1734 1602 quam
1770 1547 1890 1599 quod,

258 1633 351 1658 cum
385 1620 508 1659 sciret
540 1620 689 1672 quibus
722 1623 931 1661 aerumnis
962 1635 1237 1669 nasceremur,
1271 1621 1553 1661 calamitatum
1587 1619 1890 1660 mollimentum

258 1691 603 1730 consuetudinem
636 1693 809 1740 inuenit,
853 1693 935 1731 cito
968 1694 1008 1731 in
1041 1692 1357 1732 familiaritatem
1392 1693 1636 1744 grauissima
1668 1690 1888 1730 adducens.

258 1775 384 1801 nemo
419 1762 597 1808 duraret,
631 1763 663 1801 si
696 1775 832 1801 rerum
866 1763 1135 1801 aduersarum
1160 1763 1336 1802 eandem
1359 1764 1442 1801 uim
1466 1762 1693 1801 adsiduitas
1715 1761 1890 1800 haberet

259 1845 384 1884 quam
418 1833 573 1884 primus
606 1834 720 1871 ictus.
783 1846 932 1872 omnes
965 1847 1059 1872 cum
1094 1832 1257 1873 fortuna
1289 1833 1468 1885 copulati
1501 1847 1668 1872 sumus:
1716 1832 1890 1872 aliorum
1917 1853 1922 1861 v

226 1913 239 1935 ··›
261 1916 383 1942 aurea
416 1908 563 1941 catena
597 1909 659 1942 est
692 1909 733 1943 et
765 1903 873 1951 laxa,
907 1903 1080 1943 aliorum
1114 1910 1203 1943 arta
1226 1910 1266 1943 et
1289 1905 1470 1944 sordida.
1523 1904 1595 1943 sed
1618 1904 1716 1956 quid
1740 1903 1888 1944 refert?

259 1974 408 2012 eadem
453 1974 645 2012 custodia
688 1975 900 2013 uniuersos
938 1974 1211 2014 circumdedit
1249 1975 1503 2027 adligatique
1535 1981 1630 2014 sunt
1662 1977 1787 2014 etiam
1821 1977 1889 2027 qui

1722 2147 1728 2162 1

265 2173 272 2205 1
304 2174 366 2203 huc
392 2183 425 2203 se
452 2171 594 2216 Haupl:
625 2173 688 2203 hoc
716 2178 745 2204 te
867 2173 886 2206 2
913 2174 1017 2207 nimiu
1052 2174 1175 2217 (corru,
1200 2173 1272 2217 fm't
1298 2173 1415 2218 minus)
1536 2173 1557 2206 4
1584 2178 1735 2216 captante
1762 2174 1792 2218 (e
1817 2173 1851 2207 in
1881 2175 1888 2205 i

1113 2237 1132 2256 tl

257 2269 365 2308 corr.)
488 2267 685 2307 conquirenti
714 2265 932 2301 deteriores:
969 2269 1137 2309 conqrenti
1164 2279 1182 2299 a
1304 2267 1324 2301 6
1359 2273 1435 2310 aput
1564 2268 1583 2302 7
1617 2270 1769 2311 quicquid

691 2333 698 2348 l

264 2361 301 2393 w
327 2364 484 2391 erraretur
511 2358 629 2393 Koch:
660 2362 795 2392 oriretur
822 2362 883 2403 (ori
911 2361 945 2395 iu
973 2372 1057 2402 ras„
1079 2372 1152 2405 pro
1179 2364 1187 2393 i
1214 2361 1295 2396 olim
1324 2361 1396 2395 alia
1424 2361 1543 2396 le'llera
1565 2361 1653 2406 fuit)
1680 2361 1758 2395 cod.
1777 2360 1824 2405 cf.
1846 2361 1889 2395 dc

258 2418 355 2453 bren.
377 2419 436 2452 nil.
457 2421 489 2458 7,
520 2421 532 2451 1
565 2421 662 2450 ceteri
689 2421 816 2451 etiamsi
843 2432 927 2452 uana
953 2422 1079 2463 gloriae
1106 2423 1248 2462 imagine
1274 2426 1449 2461 teneantur,
1476 2422 1622 2463 speciose
1649 2425 1756 2452 tamen
1783 2425 1886 2452 errant

400 2478 581 2519 conquisita
617 2490 654 2509 ac
682 2491 754 2510 cum
782 2480 979 2521 imaginibus
1004 2481 1067 2511 suis
1093 2481 1255 2522 descripta
1282 2492 1445 2512 sacrorum
1474 2478 1625 2524 llffadm'q
1652 2481 1832 2521 conquisita
1860 2486 1887 2511 et

259 2548 330 2567 cum
359 2536 556 2577 imaginibus
582 2538 644 2567 suis
671 2539 832 2580 descripta
859 2549 1023 2570 sacrorum
1051 2537 1126 2572 E²z
1157 2540 1336 2580 conquisita
1363 2544 1405 2572 cl]
1433 2540 1604 2580 imaginib:
1634 2539 1696 2569 suis
1722 2539 1886 2580 discripta.

259 2599 287 2625 et
320 2606 483 2625 sacrorum
651 2597 686 2629 122
723 2596 927 2638 comparans
1060 2597 1098 2629 123
1133 2604 1164 2628 at
1192 2599 1222 2628 in
1249 2598 1381 2640 aliquod
1409 2596 1482 2630 ΕΗ
1521 2603 1550 2627 at
1585 2597 1762 2638 arlaliquod

261 2653 302 2685 15⁷)
330 2654 434 2694 possis
455 2652 530 2686 E¹z
561 2665 671 2695 posses
793 2666 940 2697 rumpere
961 2654 1067 2688 Gertz
1096 2657 1289 2698 abrumpere
1308 2655 1380 2689 EQ:
1411 2668 1578 2698 erumpere
1721 2654 1758 2688 ¹9
1779 2660 1889 2697 putare

259 2712 342 2742 leuia
369 2709 540 2755 llladm'ss:
580 2718 687 2754 putate
721 2715 772 2745 uia
894 2715 939 2747 ⁴20
972 2726 1068 2755 quain
1104 2716 1191 2756 quod
1226 2727 1298 2746 cum
1335 2716 1427 2746 sciret
1455 2712 1638 2756 ῘΙΙΝΓιἸΗε,
1673 2726 1769 2756 quain
1801 2715 1888 2756 quod

259 2771 362 2800 sciens
390 2768 606 2803 Pincianus:
635 2784 731 2813 quain
760 2784 831 2803 curn
858 2773 951 2803 sciret
1082 2773 1125 2806 ‘25
1164 2778 1277 2804 calena
1305 2778 1350 2804 est
1377 2778 1405 2804 et
1433 2774 1505 2804 laxa
1535 2772 1660 2806 Curio:
1691 2778 1805 2803 catena
1832 2778 1887 2804 cst.

260 2829 357 2866 2¹10?ss
384 2829 456 2860 laxa
578 2832 621 2863 2>ss
649 2831 808 2873 alligatiq3

1909 558 1929 593 7

1917 1546 1936 1578 2
