1977 3231
105 828 124 861 10

109 2097 129 2130 ..t-x

442 152 544 178 DIAL.
559 151 626 179 ΧΠ.
668 153 720 178 ΑΙ)
741 152 941 179 POLYBIVM
966 153 1016 179 DE
1036 152 1357 181 CONSOLATIONE.
1396 156 1421 181 4.
1442 156 1467 181 5.
1487 138 1491 142 -
1681 157 1765 196 275

149 250 263 301 quod
295 261 420 302 saepe
452 248 687 289 faciendum
721 255 793 297 est,
827 256 869 290 et
901 249 1175 302 respicientes,
1208 256 1409 302 quantum
1441 264 1465 290 a
1485 257 1607 303 tergo
1630 264 1767 290 rerum

149 320 324 358 tristium
353 319 562 367 inmineat,
593 321 625 359 si
648 334 730 359 non
754 320 867 360 finire
890 320 1091 369 lacrimas,
1120 327 1163 361 at
1185 327 1298 361 certe
1320 335 1531 361 reseruare
1554 321 1767 362 debemus.

150 389 244 429 nulli
284 390 539 442 parcendum
584 397 647 430 est
690 391 744 430 rei
789 393 922 443 magis
967 404 1093 443 quam
1136 391 1249 439 huic,
1293 392 1405 432 cuius
1447 398 1533 432 tam
1577 391 1769 444 frequens

150 474 246 500 usus
278 466 350 499 est.

272 530 324 570 V.
376 531 481 570 Illud
523 545 689 584 quoque
731 538 774 572 te
814 545 898 571 non
942 533 1156 572 minimum
1191 533 1414 580 adiuuerit,
1456 533 1487 572 si
1521 533 1768 585 cogitaueris
1807 546 1821 569 5

150 600 246 640 nulli
289 602 421 641 minus
465 608 629 653 gratum
672 616 762 642 esse
805 602 994 642 dolorem
1038 610 1154 642 tuum
1198 616 1322 654 quam
1367 603 1425 651 ei,
1469 604 1530 642 cui
1573 604 1771 657 praestari

150 672 337 712 uidetur:
383 673 565 723 torqueri
607 672 672 711 ille
714 678 756 712 te
799 679 869 712 aut
911 687 995 712 non
1037 673 1123 712 uult
1162 680 1231 713 aut
1274 688 1357 712 non
1389 674 1600 726 intellegit.
1662 674 1772 714 nulla

150 743 288 794 itaque
320 743 405 781 eius
438 742 559 782 officii
592 744 694 782 ratio
729 749 813 791 est,
846 745 961 795 quod
994 745 1040 792 ei,
1075 745 1137 783 cui
1168 750 1411 796 praestatur,
1445 745 1476 783 si
1509 745 1604 783 nihil
1637 733 1770 793 sentit,

151 826 453 865 superuacuum
487 819 561 860 est,
593 815 625 852 si
658 814 792 862 sentit,
826 815 1034 866 ingratum
1068 821 1140 853 est.
1207 816 1299 865 [24]
1334 816 1542 854 neminem
1566 830 1656 854 esse
1680 822 1771 855 toto

151 883 255 922 orbe
286 889 502 931 terrarum,
534 884 602 935 qui
636 884 866 924 delectetur
887 884 1065 924 lacrimis
1088 886 1178 932 tuis,
1212 886 1407 924 audacter
1432 885 1620 924 dixerim.
1673 886 1771 937 quid
1797 898 1825 921 ιυ

151 956 279 1006 ergo?
332 967 456 1005 quem
489 968 615 993 nemo
649 955 848 994 aduersus
881 961 922 995 te
955 956 1138 995 animum
1171 956 1287 1007 gerit,
1321 969 1415 994 eum
1449 969 1540 994 esse
1572 963 1615 996 tu
1639 957 1772 995 credis

152 1024 284 1064 fratris
316 1025 384 1072 tui,
418 1030 463 1063 ut
495 1025 675 1065 cruciatu
707 1027 764 1065 tui
797 1032 947 1066 noceat
979 1026 1065 1074 tibi,
1098 1033 1141 1066 ut
1173 1033 1215 1066 te
1248 1026 1345 1065 uelit
1378 1026 1585 1065 abducere
1617 1027 1670 1065 ab
1703 1040 1771 1066 oc-

152 1095 441 1147 cupationibus
473 1097 563 1144 tuis,
597 1097 637 1136 id
671 1103 733 1136 est
766 1111 789 1136 a
821 1097 957 1136 studio
991 1103 1032 1136 et
1055 1111 1079 1136 a
1103 1096 1308 1136 Caesare?
1353 1110 1435 1135 non
1458 1103 1521 1136 est
1543 1097 1624 1136 1106
1645 1096 1774 1136 simile

153 1166 248 1207 ueri.
311 1166 376 1205 ille
408 1168 517 1206 enim
550 1167 849 1219 indulgentiam
882 1168 955 1206 tibi
988 1173 1204 1218 tamquam
1238 1166 1349 1207 fratri
1382 1168 1607 1220 praestitit,
1652 1181 1770 1206 uene-

152 1237 356 1276 rationem
379 1243 594 1289 tamquam
617 1239 787 1290 parenti,
811 1238 967 1278 cultum
990 1245 1205 1289 tamquam
1229 1238 1438 1289 superiori.
1482 1238 1547 1276 ille
1570 1238 1774 1277 desiderio
1799 1249 1827 1272 ¹⁵

152 1307 224 1345 tibi
264 1321 355 1346 esse
398 1308 505 1356 uult,
549 1314 761 1348 tormento
796 1322 887 1348 esse
919 1323 1001 1348 non
1035 1308 1131 1347 uult.
1196 1308 1293 1360 quid
1326 1309 1465 1359 itaque
1498 1309 1608 1348 iuuat
1641 1309 1775 1348 dolori

152 1377 429 1426 intabescere,
473 1392 619 1430 quem,
662 1379 694 1418 si
733 1379 824 1430 quis
857 1379 1057 1419 defunctis
1089 1393 1235 1419 sensus
1268 1385 1351 1426 est,
1394 1378 1495 1418 finiri
1527 1378 1650 1418 frater
1682 1387 1775 1418 tuus

155 1449 292 1500 cupit?
347 1450 399 1488 de
431 1449 511 1488 alio
543 1449 687 1498 fratre,
721 1451 834 1489 cuius
866 1451 1021 1489 incerta
1053 1456 1197 1502 posset
1231 1450 1422 1489 noluntas
1456 1450 1602 1498 uideri,
1636 1451 1775 1488 onmia

153 1519 256 1558 haec
298 1519 423 1558 dubie
464 1533 665 1571 ponerem
710 1527 751 1560 et
791 1521 997 1560 dicerem:
1045 1521 1130 1560 siue
1162 1527 1204 1560 te
1236 1521 1417 1572 torqueri
1451 1520 1625 1559 lacrimis
1658 1534 1772 1559 num-

155 1602 280 1640 quam
314 1590 595 1630 desinentibus
627 1590 751 1630 frater
783 1597 876 1630 tuus
909 1593 1032 1644 cupit,
1064 1593 1256 1643 indignus
1290 1592 1370 1631 hoc
1402 1590 1566 1630 adfectu
1599 1598 1671 1630 tuo
1702 1596 1775 1630 est.
1796 1600 1828 1624 20

155 1661 240 1699 siu‘e
272 1674 356 1700 non
389 1661 487 1708 uult,
521 1663 681 1713 utrique
715 1668 898 1702 uestrum
931 1661 1214 1702 inhaerentem
1249 1662 1441 1701 dolorem
1472 1662 1657 1701 dimitte:
1701 1674 1777 1700 nec

154 1731 285 1783 inpius
328 1731 453 1771 frater
494 1733 551 1771 sic
594 1732 816 1772 desiderari
850 1732 978 1772 debet
1010 1746 1086 1772 nec
1117 1733 1207 1785 pius
1239 1733 1296 1772 sic
1329 1733 1436 1772 uelit.
1490 1733 1527 1771 in
1558 1732 1638 1771 1106
1666 1745 1776 1779 11610,

156 1801 268 1840 cuius
300 1807 387 1841 tarn
422 1802 642 1854 explorata
674 1803 804 1854 pietas
837 1810 910 1851 est,
943 1817 1019 1855 pro
1053 1810 1167 1843 certo
1201 1803 1440 1842 habendum
1475 1809 1537 1842 est
1568 1802 1664 1842 1111111
1688 1816 1778 1841 esse

155 1871 208 1910 illi
250 1885 374 1924 posse
416 1873 603 1912 acerbius
646 1887 771 1924 quarn
805 1875 837 1913 si
869 1874 942 1913 tibi
974 1873 1039 1913 hic
1071 1888 1190 1913 casus
1223 1874 1308 1913 eius
1340 1874 1513 1913 acerbus
1547 1880 1629 1921 est,
1672 1873 1703 1911 si
1735 1879 1778 1912 te

156 1941 239 1981 ullo
272 1944 403 1982 modo
436 1950 624 1995 torquet,
667 1945 700 1983 si
734 1944 877 1984 oculos
909 1950 1025 1992 tuos,
1068 1945 1377 1996 indignissimos
1410 1944 1491 1983 hoc
1525 1943 1657 1991 malo,
1691 1944 1777 1982 sine
1797 1954 1830 1978 25

157 2012 239 2052 ullo
273 2012 397 2052 flendi
429 2013 510 2053 fine
543 2021 584 2054 et
617 2015 840 2054 conturbat
872 2016 983 2054 idem
1018 2020 1059 2054 et
1093 2015 1294 2055 exhaurit.

275 2083 477 2123 Pietatem
520 2090 661 2124 tamen
704 2092 819 2124 tuam
862 2085 959 2124 1111111
1002 2099 1134 2137 aeque
1177 2099 1199 2124 a
1243 2085 1419 2125 lacrimis
1453 2092 1539 2125 tam
1571 2084 1778 2124 inutilibus

157 2154 349 2202 abducet,
383 2168 509 2206 quarn
542 2155 572 2193 si
607 2156 853 2207 cogitaueris
885 2155 1077 2195 fratribus
1110 2161 1151 2195 te
1181 2156 1261 2196 tuis
1291 2156 1488 2208 exemplo
1513 2169 1603 2195 esse
1627 2155 1780 2194 debere

157 2224 316 2264 fortiter
348 2225 454 2263 hanc
482 2224 670 2265 fortunae
694 2226 876 2265 iniuriam
900 2227 1137 2267 sustinendi.
1182 2227 1293 2278 quod
1319 2227 1445 2265 duces
1469 2227 1607 2278 magni
1630 2226 1779 2265 faciunt

157 2294 280 2333 rebus
313 2295 497 2343 adfectis,
530 2302 575 2335 ut
607 2296 856 2336 hilaritatem
890 2298 943 2346 de
975 2297 1173 2336 industria
1205 2296 1398 2336 simulent
1431 2303 1472 2336 et
1494 2298 1690 2336 aduersas
1716 2309 1780 2335 res
1800 2307 1833 2329 :2⁰

158 2365 408 2405 adumbrata
439 2365 594 2406 laetitia
626 2367 899 2416 abscondant,
933 2381 984 2407 ne
1018 2367 1192 2407 militum
1226 2369 1361 2415 animi,
1394 2368 1425 2406 si
1459 2367 1632 2407 fractam
1666 2367 1781 2407 ducis

159 2518 179 2550 2
214 2528 252 2549 ac
279 2522 364 2550 16616
383 2516 415 2551 D
441 2529 479 2550 ac
506 2524 590 2550 certe
608 2517 644 2552 E
754 2518 773 2552 7
801 2523 831 2551 16
857 2524 962 2551 autem
988 2530 1053 2550 non
1076 2518 1106 2552 Β
1230 2519 1270 2553 12
1305 2525 1336 2551 111
1363 2525 1392 2551 16
1418 2520 1492 2551 116111
1511 2518 1622 2563 Neap.
1650 2524 1681 2550 111
1709 2529 1726 2549 a
1753 2522 1782 2549 16

160 2577 235 2607 uelit
264 2576 297 2610 Β
322 2582 351 2609 61
378 2578 500 2619 priuate
526 2578 606 2609 nolit
624 2576 656 2611 D
682 2584 711 2609 61
738 2579 861 2620 priuate
880 2579 953 2610 uelit
971 2577 1007 2612 E
1132 2579 1168 2611 111
1196 2579 1301 2611 (101011
1323 2577 1354 2612 Β
1376 2580 1497 2610 doloris
1515 2577 1548 2612 I)
1567 2579 1733 2609 doloribm
1755 2575 1787 2609 E

282 2635 323 2669 'lT
351 2637 507 2668 defunctis
526 2634 690 2671 Illurelus
712 2638 852 2669 defuncti
873 2636 978 2671 BDE
1102 2636 1137 2670 19
1165 2638 1263 2669 dubie
1281 2639 1333 2670 E*
1358 2649 1422 2669 non
1449 2639 1546 2669 dubie
1567 2634 1670 2670 BDE

161 2694 202 2727 21
228 2700 365 2726 uestrum
384 2694 498 2740 Neap.
518 2701 661 2727 nostrum
687 2695 789 2729 RBE
889 2695 932 2729 22
959 2707 1017 2728 1166
1035 2697 1105 2738 plus
1123 2698 1168 2727 sie
1187 2697 1272 2727 uellit
1296 2696 1324 2729 B
1429 2696 1471 2729 23
1499 2697 1600 2738 pietas
1619 2700 1663 2726 est
1688 2693 1788 2728 BDE

161 2758 207 2783 est
225 2763 291 2785 om.
311 2751 458 2787 Fickert
476 2758 508 2787 et
529 2753 650 2788 Haase
769 2755 813 2788 24
840 2767 937 2796 quam
955 2757 981 2787 si
1001 2757 1057 2787 [ibi
1076 2757 1129 2787 hic
1147 2766 1237 2787 casus
1258 2750 1362 2789 BDE
1384 2766 1479 2797 quam
1498 2756 1551 2786 1116
1571 2755 1595 2785 si
1615 2755 1672 2785 tibi
1693 2764 1783 2784 casu<

162 2810 309 2846 Fickert
326 2815 359 2845 el
377 2813 430 2844 hic
448 2812 584 2847 incluso
603 2812 724 2847 Haase
836 2813 880 2848 26
907 2816 1031 2846 exharit
1057 2813 1088 2848 D
1199 2814 1240 2847 21
1277 2819 1342 2846 tam
1370 2812 1563 2848 Pincianus
1589 2814 1652 2843 iam
1682 2810 1787 2845 BDE

280 2870 323 2904 28
350 2872 486 2903 abducet
504 2871 612 2916 mclyo
630 2873 767 2904 adducet
791 2871 893 2906 BDE'
1010 2879 1040 2905 16
1067 2875 1125 2904 mis
1151 2874 1299 2915 exemplo
1318 2878 1348 2905 16
1369 2872 1400 2907 B
1426 2875 1484 2904 tuis
1502 2871 1650 2913 exemplo
1670 2874 1699 2902 16
1720 2867 1787 2903 ΒΕ

1437 2931 1501 2964 is*
