2008 3221
282 138 335 177 84
799 131 902 158 DIAL.
926 132 975 159 IV.
1016 133 1067 158 DE
1089 132 1156 158 IRA
1178 132 1251 159 LIB.
1273 132 1310 160 11.
1349 134 1394 161 36.

279 231 409 270 uideri
441 230 596 269 uolunt.
660 230 794 281 magis
836 228 934 269 illud
976 229 1203 269 uidendum
1247 235 1331 277 est,
1383 243 1510 282 quam
1554 229 1691 269 multis
1733 231 1791 269 ira
1833 244 1908 282 per
1934 235 1952 268 4

280 316 325 341 se
372 301 569 340 nocuerit.
651 300 716 339 alii
775 300 903 339 nimio
955 299 1118 339 feruore
1175 313 1325 353 rupere
1383 313 1510 340 uenas
1567 307 1609 340 et
1660 300 1906 353 sanguinem

281 386 404 424 supra
436 372 542 411 uires
574 371 706 410 elatus
744 370 904 410 clamor
945 371 1100 422 egessit
1143 377 1184 410 et
1225 371 1426 410 luminum
1468 370 1652 411 subsudit
1693 371 1826 410 aciem
1868 372 1908 410 in

281 442 425 482 oculos
467 442 755 481 uehementius
797 455 919 481 umor
961 449 1128 494 egestus
1170 448 1212 481 et
1252 443 1292 481 in
1335 442 1509 481 morbos
1542 442 1654 494 aegri
1686 441 1906 481 reccidere.

243 512 389 551 mulla
431 512 604 552 celerior
645 513 699 552 ad
746 512 946 552 insaniam
990 513 1055 552 uia
1097 518 1170 552 est.
1234 512 1351 552 multi
1392 513 1531 565 itaque
1563 514 1909 552 continuauerunt
1936 516 1955 547 ι’)

278 583 362 622 irae
395 581 578 622 furorem
610 595 687 622 nec
719 597 845 635 quam
878 583 1124 636 expulerant
1166 589 1354 622 mentem
1396 597 1595 636 umquam
1637 589 1905 636 receperunt:

279 653 458 692 Aiacem
491 654 531 692 in
569 660 752 693 mortem
786 654 871 706 egit
913 653 1046 702 furor,
1088 654 1129 693 in
1167 653 1349 693 furorem
1391 654 1460 693 ira.
1535 659 1717 693 mortem
1759 653 1909 702 liberis,

279 730 513 776 egestatem
546 725 632 772 sibi,
665 725 824 764 ruinam
858 725 1003 764 domui
1035 725 1309 777 inprecantur,
1343 731 1383 764 et
1414 725 1531 764 irasci
1562 738 1607 763 se
1638 730 1794 776 negant
1825 738 1911 763 non

279 795 414 834 minus
436 809 562 848 quam
585 795 761 834 insanire
783 794 932 835 furiosi.
966 796 1223 835 amicissimis
1253 795 1398 835 hostes
1420 795 1661 847 uitandique
1682 795 1911 843 carissimis,

228 875 259 900 ¹⁰
279 866 418 918 legum
461 867 535 905 nisi
587 880 669 918 qua
711 872 864 905 nocent
916 867 1190 914 inmemores,
1243 867 1297 906 ad
1350 867 1523 905 minima
1575 865 1774 913 mobiles,
1825 879 1910 905 non

278 950 491 984 sermone,
530 951 613 976 non
657 936 794 976 officio
838 937 941 976 adiri
980 937 1129 985 faciles,
1173 950 1246 990 per
1278 937 1361 976 uim
1396 937 1537 976 omnia
1568 942 1729 989 gerunt,
1762 936 1910 988 gladiis

279 1014 321 1046 et
361 1020 549 1059 pugnare
591 1008 724 1060 parati
767 1014 808 1047 et
851 1008 1104 1047 incumbere.
1168 1009 1403 1047 maximum
1448 1008 1557 1047 enim
1610 1007 1700 1047 illos
1753 1007 1910 1047 malum
1937 1011 1956 1043 b'

277 1079 387 1131 cepit
429 1084 471 1117 et
513 1079 654 1118 omnia
692 1092 928 1131 exuperans
960 1080 1068 1118 uitia.
1131 1079 1209 1118 alia
1239 1078 1440 1131 paulatim
1473 1080 1650 1118 intrant:
1697 1079 1912 1130 repentina

279 1157 321 1188 et
373 1150 564 1189 uniuersa
616 1150 675 1188 uis
728 1149 845 1189 huius
898 1156 973 1189 est.
1038 1150 1174 1188 omnis
1227 1150 1405 1202 denique
1457 1149 1560 1189 alios
1603 1148 1793 1188 adfectus
1835 1149 1911 1187 sibi

227 1227 260 1252 15
280 1220 436 1260 subicit.
488 1234 678 1259 amorem
702 1221 1041 1260 ardentissimum
1074 1221 1206 1259 uincit.
1271 1220 1582 1260 transfoderunt
1610 1221 1749 1272 itaque
1771 1226 1913 1259 amata

280 1304 459 1344 corpora
481 1298 522 1329 et
544 1292 583 1330 in
606 1305 751 1331 eorum
775 1305 881 1343 quos
905 1292 1145 1331 occiderant
1167 1292 1328 1348 iacuere
1351 1290 1639 1344 conplexibus.
1682 1291 1912 1338 auaritiam,

278 1362 543 1400 durissimum
578 1361 733 1401 malum
768 1362 1020 1414 minimeque
1052 1362 1245 1410 flexibile,
1287 1363 1345 1402 ira
1377 1362 1549 1402 calcauit
1581 1362 1776 1401 adactam
1810 1374 1912 1414 opes

279 1446 373 1471 suas
406 1446 604 1485 spargere
637 1439 678 1472 et
711 1434 855 1472 domui
886 1420 1095 1485 rebusque
1132 1433 1171 1471 in
1204 1447 1332 1472 unum
1375 1433 1535 1472 collatis
1578 1432 1728 1471 inicere
1758 1431 1912 1483 ignem.

280 1503 406 1555 quid?
440 1517 525 1541 non
557 1503 802 1542 ambitiosus
836 1517 991 1555 magno
1024 1504 1244 1543 aestimata
1275 1504 1449 1556 proiecit
1481 1503 1655 1554 insignia
1686 1502 1912 1542 honorem-

225 1590 260 1615 20
281 1587 361 1626 que
404 1573 590 1613 delatum
633 1573 837 1626 reppulit?
900 1573 1032 1613 nullus
1080 1573 1267 1614 adfectus
1313 1579 1397 1622 est,
1451 1574 1491 1612 in
1542 1587 1667 1626 quem
1720 1587 1805 1612 non
1856 1573 1915 1612 ira

280 1645 528 1683 dominetur.

279 1776 300 1806 ‘2
329 1784 441 1815 rupere
471 1768 562 1784 ”enas
598 1772 713 1816 (infra
747 1784 845 1804 uenas
880 1772 1006 1806 charla
1038 1777 1093 1806 est
1125 1772 1265 1813 lacera,
1310 1772 1571 1817 suprascripsit
1604 1783 1647 1805 m.
1684 1772 1768 1813 ree.)

280 1834 300 1862 ῑῖ
328 1833 456 1863 suffudit
601 1831 618 1864 *i
648 1843 681 1863 re
707 1833 816 1863 cidere
850 1832 946 1876 (post
981 1843 1013 1863 re
1035 1832 1109 1874 f‘eaeic
1135 1844 1151 1863 e
1185 1832 1328 1876 punctis
1354 1830 1491 1874 notata)
1637 1834 1658 1864 ὅ
1685 1832 1780 1862 irasci
1806 1842 1840 1862 se
1868 1831 1915 1873 (se

280 1897 393 1926 carr.)
515 1891 552 1923 1⁴⁷»
580 1879 790 1922 immemores
903 1892 1041 1922 minima
1068 1892 1100 1933 (a
1127 1891 1236 1929 corr.)
1352 1890 1386 1923 13
1415 1901 1592 1932 exuperans
1623 1891 1673 1933 (ex
1700 1891 1810 1933 corr.)

286 1949 322 1982 ll
355 1951 486 1980 affectus
596 1951 636 1982 1ss
664 1951 790 1981 iacuere
817 1950 864 1989 (site
893 1950 980 1993 ras.)
1087 1951 1257 1981 auaritiam
1289 1951 1379 1993 (tiam
1407 1950 1441 1982 in
1469 1950 1559 1991 ras.)
1668 1948 1708 1982 lT
1736 1950 1911 1990 minimi-iffi

285 2013 393 2050 (nisiqz
415 2008 449 2041 in
477 2019 560 2048 ras„
585 2008 658 2051 feci!
677 2007 772 2051 miq3)
800 2008 877 2042 cad.
908 2008 1002 2042 mede
1028 2010 1224 2050 minimeque
1248 2009 1389 2053 scripsi,
1416 2008 1516 2053 quod
1540 2014 1592 2042 est
1619 2008 1654 2041 in
1676 2007 1727 2041 Ει
1753 2012 1786 2041 ec
1807 2005 1914 2041 Gerl:

280 2077 424 2111 quoque
444 2066 564 2106 noluit,
592 2078 807 2111 quamquam
827 2067 966 2112 aliquid
984 2068 1148 2112 scrupuli
1171 2068 1267 2101 inicit
1295 2067 1340 2102 de
1366 2067 1464 2102 brou.
1492 2067 1551 2101 m'c.
1583 2069 1611 2108 1,
1641 2069 1654 2099 1
1685 2068 1830 2109 minime,
1857 2065 1919 2100 ubi

280 2138 301 2157 e
327 2126 361 2159 in
389 2137 462 2160 ras.
601 2126 635 2159 ΙΤ
663 2128 817 2158 adactam
847 2126 1043 2167 Michaelis,
1075 2126 1200 2161 Gertz:
1230 2128 1349 2159 adacta
1479 2126 1519 2160 l&
1546 2128 1614 2164 reb;
1644 2138 1677 2167 (μ
1707 2131 1736 2168 (ς
1765 2125 1801 2159 in
1827 2127 1914 2167 ras.)

382 2186 426 2219 2¹)
453 2187 584 2217 affectus
