1977 3231
85 510 105 542 14

653 115 809 141 111ALA'.
851 116 902 141 DF,
924 117 990 141 IRA
1012 116 1084 141 [ΑΒ.
1108 115 1158 141 lll.
1203 117 1240 140 ¹5.
1703 121 1756 157 99

132 213 325 266 adposuit
353 218 393 253 et
425 212 603 252 subinde
635 214 818 265 quaesiit,
851 226 902 252 an
935 212 1117 265 placeret
1141 213 1370 252 conditura.
1416 213 1566 251 deinde
1590 218 1632 251 ut
1665 214 1759 252 satis

132 284 243 324 illum
277 283 446 336 plenum
481 283 597 322 malis
629 283 710 323 suis
745 284 856 331 uidit,
889 282 1039 323 adferri
1072 282 1401 336 capita‘illorum
1434 283 1546 322 iussit
1580 290 1621 323 et
1653 298 1756 335 quo-

133 355 263 395 modo
306 360 415 394 esset
458 361 654 406 acceptus
697 355 976 407 interrogauit.
1039 367 1123 393 non
1166 353 1384 393 defuerunt
1426 355 1578 393 misero
1619 354 1758 401 uerba,

132 439 216 465 non
257 439 305 465 os
347 425 575 464 concurrit:
623 426 735 477 apud
774 438 935 476 regem,
980 425 1126 476 inquit,
1171 425 1306 463 omnis
1338 438 1440 464 cena
1472 425 1649 464 iucunda
1682 432 1755 465 est.

131 497 230 549 quid
273 495 351 535 hac
393 495 630 535 adulatione
672 484 871 547 profecit?
926 508 978 534 ne
1025 495 1077 534 ad
1120 495 1308 547 reliquias
1350 495 1599 535 inuitaretur.
1672 510 1756 536 non

133 573 230 606 ueto
263 572 426 619 patrem
460 568 661 606 damnare
693 566 801 618 regis
834 567 892 604 sui
919 565 1085 613 sactum,
1117 579 1202 605 non
1234 571 1332 606 ueto
1355 579 1553 618 quaerere
1586 567 1755 619 dignam

131 644 216 677 tam
250 638 353 677 truci
385 642 583 690 portento
616 650 809 689 poenam,
841 637 915 676 sed
948 635 1030 676 hoc
1061 636 1222 676 interim
1255 636 1433 688 conligo,
1475 651 1600 689 posse
1632 638 1756 677 etiam

131 722 185 748 ex
218 708 454 760 ingentibus
498 707 612 747 malis
656 714 896 747 nascentem
940 707 1041 746 iram
1085 707 1287 746 abscondi
1330 713 1371 746 et
1403 708 1455 747 ad
1499 707 1627 747 uerba
1658 721 1755 748 con-

130 779 252 819 traria
294 778 370 818 sibi
403 779 507 830 cogi.
570 778 798 818 necessaria
830 778 907 817 ista
939 784 1001 817 est
1034 777 1188 817 doloris
1222 777 1458 825 refrenatio,
1503 778 1643 830 utique
1674 778 1756 819 hoc

130 850 283 889 sortitis
326 850 434 889 uitae
475 862 607 901 genus
660 856 700 888 et
742 850 796 888 ad
832 836 994 901 regiam
1038 848 1232 888 adhibitis
1275 861 1489 888 mensam:
1547 849 1604 888 sic
1646 855 1757 889 estur

130 921 242 973 apud
274 920 382 968 illos,
414 920 471 959 sic
502 920 672 967 bibitur,
704 921 760 959 sic
793 921 1087 972 respondetur,
1127 919 1336 959 funeribus
1367 920 1448 960 suis
1480 920 1755 960 adridendum

130 997 204 1031 est.
275 1004 327 1030 an
370 991 471 1030 tanti
520 991 572 1030 sit
616 992 699 1030 uita
742 990 1002 1030 uidebimus:
1059 990 1136 1029 alia
1177 991 1255 1029 ista
1295 991 1483 1042 quaestio
1527 996 1600 1030 est.
1674 1004 1757 1030 non

133 1061 442 1102 consolabimur
465 1068 551 1101 tam
575 1063 691 1101 triste
714 1062 981 1113 ergastulum,
1017 1075 1100 1100 non
1123 1060 1438 1100 adhortabimur
1459 1060 1565 1100 ferre
1586 1061 1758 1114 imperia

131 1121 394 1172 carnificum:
441 1134 714 1172 ostendemus
753 1133 789 1171 in
823 1133 937 1172 omni
969 1133 1166 1171 seruitute
1198 1137 1386 1184 apertam
1425 1132 1602 1172 libertati
1636 1134 1755 1180 uiam,

133 1204 206 1243 nisi
250 1216 375 1255 aeger
417 1204 577 1243 animus
621 1210 694 1243 est.
756 1217 833 1243 suo
876 1204 974 1242 uitio
1018 1204 1142 1242 miser
1186 1208 1269 1250 est,
1313 1203 1375 1242 cui
1417 1203 1600 1242 miserias
1642 1203 1756 1242 finire
1795 1219 1810 1240 5

132 1287 273 1314 secum
307 1273 410 1314 licet.
476 1275 610 1314 dicam
644 1282 685 1314 et
717 1274 791 1322 illi,
834 1275 902 1326 qui
935 1274 974 1313 in
1017 1287 1159 1326 regem
1203 1273 1342 1313 incidit
1383 1273 1543 1325 sagittis
1586 1279 1756 1325 pectora

128 1345 356 1384 amicorum
399 1351 638 1398 petentem,
681 1352 722 1385 et
765 1344 838 1393 illi,
881 1345 993 1384 cuius
1036 1345 1230 1384 dominus
1275 1343 1500 1384 liberorum
1535 1344 1756 1384 uisceribus

128 1421 267 1468 patres
309 1421 490 1455 saturat:
538 1415 635 1468 quid
678 1416 832 1468 gemis,
876 1416 1071 1463 demens,
1113 1416 1211 1468 quid
1255 1421 1475 1467 expectas,
1519 1421 1563 1454 ut
1607 1421 1648 1455 te
1686 1421 1756 1455 aut

130 1485 260 1525 hostis
302 1485 446 1538 aliquis
488 1499 563 1538 per
596 1486 768 1526 exitium
814 1487 949 1538 gentis
981 1492 1077 1526 tuae
1110 1486 1290 1526 uindicet
1332 1492 1401 1525 aut
1434 1499 1509 1525 rex
1542 1500 1565 1525 a
1596 1485 1754 1538 longin-

129 1570 213 1609 quo
246 1563 397 1609 potens
429 1557 626 1596 aduolet?
659 1571 926 1609 quocumque
950 1558 1193 1609 respexeris,
1226 1557 1280 1596 ibi
1309 1556 1514 1596 malorum
1548 1556 1636 1596 finis
1668 1563 1750 1597 est:

130 1628 244 1667 uides
288 1627 399 1667 illum
443 1628 710 1680 praecipitem
756 1628 922 1667 locum?
977 1627 1065 1667 illac
1108 1628 1161 1667 ad
1203 1627 1438 1667 libertatem
1483 1627 1756 1668 descenditur.

127 1697 241 1737 uides
274 1697 370 1737 illud
404 1711 534 1745 mare,
568 1698 665 1738 illud
698 1698 870 1746 flumen,
902 1698 1014 1738 illum
1048 1701 1246 1750 puteum?
1290 1698 1458 1738 libertas
1490 1697 1567 1737 illic
1598 1699 1638 1737 in
1671 1698 1756 1738 imo

125 1769 255 1809 sedet.
309 1769 423 1807 uides
455 1768 568 1808 illam
601 1769 796 1809 arborem
830 1770 1014 1816 breuem,
1046 1770 1308 1817 retorridam,
1341 1768 1566 1808 infelicem?
1599 1770 1756 1821 pendet

126 1838 220 1878 inde
251 1839 431 1879 libertas.
474 1840 589 1879 uides
612 1840 797 1891 iugulum
820 1846 950 1888 tuum,
983 1846 1125 1891 guttur
1156 1846 1286 1888 tuum,
1319 1853 1390 1879 cor
1421 1842 1562 1879 tuum?
1603 1839 1757 1892 effugia

126 1911 332 1949 seruitutis
374 1916 481 1950 sunt.
553 1911 672 1950 nimis
714 1911 787 1950 tibi
829 1924 1034 1963 operosos
1076 1911 1213 1950 exitus
1259 1917 1450 1951 monstro
1494 1917 1534 1950 et
1577 1910 1753 1951 multum

125 1980 248 2019 animi
291 1994 339 2019 ac
370 1981 532 2021 roboris
566 1976 816 2034 exigentes?
852 1982 1014 2034 quaeris
1058 1982 1172 2033 quod
1211 1982 1262 2021 sit
1301 1982 1354 2020 ad
1388 1981 1622 2021 libertatem
1656 1981 1752 2021 iter?

126 2050 336 2102 quaelibet
369 2053 408 2090 in
442 2065 618 2103 corpore
650 2058 723 2091 tuo
759 2066 874 2091 uena.

135 2241 142 2271 l
175 2241 325 2281 apposuit
354 2243 389 2282 (p
410 2239 517 2284 prior
545 2240 654 2281 corr.)
770 2243 788 2272 '3
817 2240 922 2270 asseri-i
951 2238 1068 2283 [prior
1094 2240 1108 2270 s
1131 2241 1241 2273 corr.)
1356 2239 1372 2271 >i
1403 2244 1446 2272 m]
1475 2252 1510 2271 os
1538 2241 1659 2282 (cortu,
1682 2240 1753 2283 suit

129 2298 245 2341 nonos)
367 2299 452 2340 apud
481 2299 514 2339 (d
542 2299 652 2340 corr.)
776 2299 914 2329 iocunda
942 2306 974 2339 (o
1001 2300 1112 2339 corr.)
1239 2298 1250 2331 ἶ
1282 2309 1399 2339 penam
1521 2300 1643 2341 colligo

135 2357 171 2389 lo
198 2357 385 2398 11itaegenus
522 2363 606 2388 estur
632 2355 816 2391 lllnrelus:
847 2357 950 2388 editur
978 2357 1025 2398 (jv
1054 2367 1139 2397 ras,
1167 2357 1200 2390 in
1229 2368 1340 2401 marss.
1369 2367 1411 2390 m.
1440 2359 1459 2390 4
1487 2367 1515 2391 c.
1543 2360 1640 2398 estur)

131 2415 167 2448 ll
191 2416 277 2457 apud
306 2417 338 2455 td
359 2417 468 2457 corr.)
584 2417 789 2447 arridendum
817 2415 933 2460 (prior
951 2427 964 2446 r
983 2418 1091 2449 corr.)
1200 2415 1241 2449 14
1261 2418 1291 2447 in
1310 2416 1544 2457 omisso-uitulo
1568 2426 1750 2461 snperscr.

127 2484 135 2506 1
163 2475 229 2505 ofni
358 2476 455 2515 uiam,
483 2477 541 2506 uisi
569 2486 664 2516 aeger
691 2476 816 2506 animus
841 2482 896 2507 esi.
925 2486 981 2506 suo
1008 2476 1085 2506 uitio
1106 2486 1148 2509 m,
1171 2486 1198 2508 e.
1219 2477 1268 2506 eui
1289 2473 1460 2520 llladm'q:
1490 2477 1514 2507 si
1536 2486 1608 2520 pro
1635 2477 1693 2507 nisi
1721 2481 1752 2509 el

127 2534 251 2564 animus
286 2539 315 2565 et
351 2538 383 2567 e!
419 2535 492 2566 huic
522 2545 593 2579 pro
620 2535 669 2565 cui
697 2532 774 2567 cod.
926 2534 960 2567 11
991 2535 1132 2570 amieozt
1159 2534 1240 2577 (ami
1267 2534 1300 2567 in
1323 2534 1398 2578 fine
1425 2544 1552 2568 uersus
1577 2534 1653 2568 sine
1679 2544 1750 2567 ras.

739 2591 762 2606 ..S

127 2613 269 2648 addidit
295 2628 337 2649 m.
365 2618 449 2653 sec.)
575 2617 616 2649 10¹
645 2617 758 2648 demen
887 2617 932 2658 qd
959 2623 1107 2658 expectas
1134 2621 1165 2648 ut
1193 2621 1222 2648 te
1249 2622 1300 2647 aut
1328 2615 1431 2657 (haec
1456 2616 1574 2651 omnia
1601 2616 1635 2649 in
1662 2618 1750 2652 νας.)

246 2674 286 2707 ’19
320 2687 336 2715 p
366 2676 466 2718 tras.)
579 2676 678 2708 exitii-1
706 2675 806 2717 (ras.)
932 2676 976 2709 ¹2⁴)
1003 2677 1138 2717 resperis
1171 2675 1218 2717 (in
1246 2686 1358 2720 marq.
1386 2687 1430 2711 m.
1458 2678 1478 2709 4
1505 2685 1534 2709 c.
1562 2676 1749 2717 respexeris)

240 2746 283 2777 ⁴22
304 2746 356 2775 illd
380 2746 412 2786 (d
436 2747 545 2787 corr.)
565 2757 654 2777 mare
752 2747 826 2777 iliud
849 2747 883 2787 (d
903 2749 1010 2781 corr.)
1105 2738 1119 2777 ἶ
1137 2747 1203 2777 imo
1223 2746 1272 2787 (in
1291 2748 1378 2787 ras.)
1494 2745 1536 2778 23
1559 2747 1748 2777 retorridam

165 2813 168 2817 ·
404 2804 420 2828 h

128 2836 341 2872 Pincianus:
371 2841 545 2871 etorridam
572 2842 703 2884 (polest
731 2851 742 2870 1·
769 2845 851 2873 aute
877 2844 906 2871 et
929 2839 1059 2883 scalesm
1158 2840 1197 2873 ⁴211
1228 2841 1303 2872 inde
1329 2839 1377 2881 (in
1405 2841 1490 2879 ras.)

1415 2899 1430 2931 ’ἶ
1446 2899 1463 2918 24<

1782 865 1811 889 Η)

1775 1570 1808 1594 *20

1774 1921 1807 1946 *25
