2008 3221
208 126 265 151 xli
691 120 916 146 PRAEFATIO
937 119 1134 145 IOHANNIS
1155 118 1344 145 VAHLENI.

206 225 349 262 homini
380 227 443 260 est.
507 219 776 259 Traditorum
806 218 915 256 enim
938 215 1035 254 nihil
1058 216 1271 254 abiicimus
1293 221 1335 254 et
1357 215 1545 256 defectus
1568 216 1687 268 origo
1710 217 1838 255 mani-

207 299 321 338 festa.
386 297 552 336 Eodem
607 307 760 347 genere
812 300 986 345 peccata
1034 292 1152 344 plura
1193 293 1233 331 in
1275 292 1565 332 Ambrosiano
1609 293 1841 344 exemplari

206 380 395 414 correcta
437 378 532 411 sunt
575 372 614 410 in
654 370 841 409 eiusdem
873 369 964 408 libri
995 368 1194 420 margine,
1227 368 1339 407 velut
1373 369 1426 408 de
1458 369 1571 409 brev.
1604 370 1673 409 vit.
1706 383 1738 408 6.
1779 371 1841 417 12,

206 465 243 503 p.
280 452 373 497 234,
408 450 431 487 3
467 454 507 487 et
541 448 594 486 ad
627 446 749 486 Helv.
783 460 815 485 6.
854 447 917 494 19,
947 460 987 499 p.
1022 446 1118 493 270,
1159 448 1218 485 15.
1281 445 1342 485 Ut
1385 445 1485 485 mihi
1522 446 1619 486 nihil
1659 459 1750 485 esse
1782 447 1838 485 vi-

207 528 353 566 deatur
385 526 499 577 quod
533 526 585 563 de
621 524 733 563 brev.
766 523 834 562 vit.
869 536 902 562 c.
939 524 973 570 7,
1005 535 1043 574 p.
1077 522 1172 569 229,
1212 523 1260 560 12
1295 523 1451 561 omissa
1482 523 1662 574 primum
1695 522 1769 561 sed
1801 523 1840 561 in

206 603 392 653 margine
435 601 597 640 adiecta
638 600 769 639 verba
808 613 884 639 non
915 603 980 638 ille
1012 602 1077 638 diu
1110 602 1203 638 vixit
1233 601 1323 641 sed.
1367 598 1516 650 quibus
1548 612 1673 651 aegre
1706 600 1840 639 oratio

207 685 365 726 careat,
420 678 473 717 ab
514 677 742 716 editoribus
785 683 983 715 notentur
1025 682 1242 727 tamquam
1285 675 1516 714 subditicia.
1589 675 1842 729 Eodemque

205 756 306 794 vitio
338 755 412 794 nisi
445 754 564 793 fallor
597 753 789 792 laborant
821 766 871 791 ea
901 765 1009 804 quae

327 831 400 871 Ad
434 830 629 870 Helviam
673 843 726 869 m.
771 830 824 868 de
866 828 1156 868 consolatione
1189 842 1221 867 6.
1260 828 1334 876 12,
1371 842 1410 881 p.
1446 830 1541 876 261,
1580 830 1627 869 13
1662 829 1701 867 in
1734 829 1843 867 hunc

206 909 381 947 modum
421 907 576 946 tradita
617 912 733 946 sunt:
779 908 1004 945 Dementes:
1047 908 1119 944 hoc
1161 908 1267 955 quod
1298 908 1513 955 aliquando
1557 909 1842 955 concupiscunt,

205 997 355 1035 semper
386 987 522 1023 timent.
565 996 586 1022 0
620 990 767 1032 quanta
800 986 885 1021 illos
916 985 1045 1031 caligso
1077 984 1267 1031 mentium,
1301 988 1452 1032 quanm,
1485 985 1712 1031 ifflzormite'a
1744 985 1843 1021 veri-

206 1065 294 1101 tatis
337 1067 492 1100 arerem
529 1074 645 1110 quam
677 1062 885 1110 voluptatis
916 1072 1038 1098 causa
1071 1062 1280 1098 imitantur.
1342 1059 1453 1097 Nam
1485 1072 1592 1111 quae
1624 1058 1723 1098 olim
1757 1060 1841 1098 edi-

208 1139 357 1177 derunt
380 1144 534 1177 exercet
564 1139 629 1187 qui
645 1139 807 1186 suffiunt
828 1139 933 1186 quod
953 1139 1157 1186 voluptatis
1178 1142 1250 1175 aut
1271 1149 1379 1188 quae
1401 1135 1569 1175 Kochio
1593 1136 1632 1174 in
1655 1141 1842 1175 mentem

206 1220 407 1254 venerunt
441 1221 595 1253 exerce!
627 1216 691 1263 que?
718 1216 879 1263 fumum
903 1219 1180 1263 paupertatem.
1214 1226 1328 1262 quam
1362 1215 1578 1263 voluptati&
1611 1213 1650 1252 in
1683 1213 1728 1252 iis
1758 1226 1843 1252 non

208 1305 299 1330 esse
332 1291 681 1342 acquiescendum
716 1297 911 1343 apparet3
949 1296 1061 1330 certe
1094 1296 1182 1329 tam
1215 1290 1447 1329 sententiae
1479 1303 1606 1342 quam
1630 1289 1843 1330 exhibitae

208 1382 231 1407 a
273 1368 417 1407 codice
470 1368 697 1419 scripturae
751 1366 896 1406 melius
940 1366 1179 1406 consuletur
1220 1367 1409 1406 oratione
1452 1366 1595 1406 mutila
1637 1367 1691 1406 ad
1734 1367 1843 1406 hunc

208 1444 381 1483 modum
415 1444 627 1496 suppleta:
674 1458 695 1484 0
728 1450 876 1494 quanta
911 1447 997 1483 illos
1028 1446 1158 1493 caliqo
1195 1446 1392 1494 mente'mn,
1435 1449 1583 1493 quanta
1616 1446 1843 1494 ignorantia

207 1524 380 1561 veritatis
424 1525 650 1569 [e;rcaecal,
696 1533 791 1571 quos
834 1524 946 1561 timor
971 1521 1237 1571 paupertatis]
1273 1527 1451 1568 exercet,
1485 1533 1602 1571 quam
1634 1521 1844 1571 voluptatis

207 1610 329 1637 eausa
361 1601 572 1638 mutamur.

326 1674 362 1713 T
365 1682 508 1714 antum
542 1682 605 1714 est
637 1676 924 1715 minutiarum:
975 1688 1023 1714 ac
1054 1676 1136 1714 iam
1169 1674 1260 1714 finis
1292 1674 1506 1726 praefandi
1538 1673 1748 1714 faciendus
1781 1682 1843 1714 est

207 1751 279 1790 sed
313 1752 352 1790 in
385 1751 566 1804 querella
598 1752 762 1804 duplici.
825 1751 899 1792 Ad
923 1765 1144 1791 aerumnas
1167 1752 1275 1790 enirn
1298 1750 1591 1790 inenarrabiles
1614 1764 1722 1802 quae
1744 1750 1842 1790 mihi

208 1829 307 1866 dum
331 1842 552 1881 operarum
582 1829 772 1869 inertiam
806 1842 908 1880 rego
942 1828 1224 1868 exantlandae
1256 1834 1374 1868 erant
1406 1834 1623 1880 postremo
1657 1830 1843 1875 accessit,

209 1911 252 1944 ut
294 1911 569 1957 posteaquam
612 1906 839 1957 disputatio
879 1907 932 1945 de
975 1907 1120 1945 codice
1152 1905 1452 1944 Mediolanensi
1491 1906 1602 1957 typis
1636 1906 1843 1957 descripta

209 1987 292 2028 est,
334 1980 412 2020 hae
454 1982 622 2021 chartae
666 1996 747 2021 una
779 1995 874 2021 cum
907 1981 1012 2021 foliis
1045 1983 1254 2034 expressis
1287 1982 1428 2034 Lipsia
1459 1982 1512 2020 ad
1546 1995 1615 2020 me
1646 1983 1843 2021 remissae

208 2058 312 2097 inter
363 2059 447 2097 vias
502 2060 642 2098 nescio
694 2073 778 2111 quo
832 2073 929 2098 casu
981 2060 1194 2099 interirent
1236 2072 1371 2110 neque
1410 2060 1710 2110 reciperentur:
1758 2072 1842 2111 quo

207 2133 359 2173 sactum
384 2142 456 2183 est,
490 2142 535 2175 ut
567 2137 606 2175 in
639 2150 721 2187 qua
752 2142 871 2187 parte
904 2135 1074 2174 minime
1106 2122 1286 2174 auctoris
1309 2135 1462 2186 scripto
1486 2147 1626 2174 carere
1648 2141 1841 2186 poteram

209 2225 300 2250 cam
333 2213 419 2251 sine
451 2212 532 2251 hoc
564 2212 816 2252 adminiculo
840 2213 1073 2252 necessario
1097 2225 1402 2263 recognoscere
1427 2212 1628 2251 deberem
1652 2218 1693 2251 et
1715 2225 1839 2264 quae-

210 2288 305 2326 dam
349 2302 422 2339 per
465 2288 640 2328 multum
684 2289 874 2328 laborem
918 2289 1121 2340 expedire
1163 2303 1247 2328 non
1288 2302 1468 2340 possem.
1533 2288 1728 2328 Alterum
1761 2288 1844 2328 hoc

209 2372 291 2403 est:
338 2365 602 2404 simulacrum
646 2367 799 2405 codicis
843 2366 1189 2418 photographum
1234 2367 1351 2418 quod
1393 2366 1583 2405 Kochius
1615 2364 1843 2405 Mediolani

209 2439 441 2480 faciendum
485 2443 663 2489 curavit,
707 2443 773 2481 ubi
819 2445 872 2482 ad
917 2444 1232 2495 redemptorem
1277 2443 1393 2482 huius
1425 2442 1514 2481 libri
1549 2443 1638 2482 misi
1671 2448 1715 2481 ut
1747 2442 1842 2481 inde

209 2518 330 2568 copia
372 2518 664 2569 exemplorum
709 2521 929 2559 duceretur
971 2533 1077 2571 quae
1119 2519 1224 2558 libro
1267 2520 1560 2566 adficerentur,
1595 2532 1839 2570 responsum

210 2600 293 2639 est,
326 2595 378 2632 ad
412 2595 520 2633 hunc
553 2609 670 2634 usum
704 2596 923 2647 exemplar
954 2596 1051 2635 illud
1086 2610 1169 2635 non
1201 2596 1298 2635 satis
1331 2610 1421 2635 esse
1454 2602 1766 2647 comparatum,
1799 2601 1842 2635 et

210 2670 281 2708 nisi
316 2670 459 2709 melius
492 2679 803 2722 procuraretur,
836 2675 951 2724 quod
984 2674 1065 2712 iam
1099 2673 1184 2712 fieri
1217 2686 1300 2711 non
1333 2679 1512 2725 poterat,
1544 2672 1597 2711 ab
1630 2672 1712 2711 hoc
1744 2684 1839 2710 con-

210 2746 296 2785 silio
340 2762 430 2786 esse
473 2749 792 2788 abstinendum:
839 2750 977 2802 itaque
1016 2750 1097 2789 1106
1129 2755 1379 2789 ornamento
1412 2755 1454 2788 et
1486 2750 1731 2788 adiumento
1765 2750 1839 2788 uti-

209 2822 365 2862 lissimo
399 2823 463 2863 hic
495 2823 597 2863 liber
630 2838 698 2864 me
730 2826 857 2865 invito
891 2826 1059 2866 carebit.
