2008 3221
182 523 196 545 ε)
217 509 336 557 libet,
371 508 569 555 multum,
604 521 678 559 per
710 507 826 560 quod
858 507 1098 559 spatiemur,
1131 507 1334 558 temporis
1367 513 1441 546 est.
1505 508 1715 559 disputare
1735 518 1841 546 *cum
1869 524 1874 530 ·

166 878 197 902 10

170 1585 202 1610 '20

172 1940 204 1964 25

176 2296 208 2319 :30

218 134 298 174 238
516 129 619 155 DIAL.
635 127 672 155 X.
713 128 765 152 AD
788 127 992 152 PAVLINVM
1015 128 1066 152 DE
1088 127 1313 152 BREVITATE
1334 126 1461 154 VITAE.
1505 129 1545 155 1-1.

216 227 455 280 opinionum
490 226 728 265 conditores
760 223 881 263 nobis
913 223 996 263 nati
1029 229 1142 271 sunt,
1181 223 1302 262 nobis
1335 224 1443 263 uiam
1476 231 1838 277 praeparauerunt.

216 299 269 337 ad
312 311 376 336 res
421 295 718 348 pulcherrimas
762 308 816 334 ex
859 295 1041 333 tenebris
1084 295 1137 333 ad
1181 293 1315 333 lucem
1361 300 1497 333 erutas
1530 294 1663 334 alieno
1697 295 1842 335 labore

217 368 471 408 deducimur.
534 366 647 405 nullo
680 365 800 405 nobis
833 365 998 404 saeculo
1031 364 1296 404 interdictum
1330 370 1404 412 est,
1436 365 1475 404 in
1498 366 1638 404 omnia
1660 367 1841 406 admitti-

219 453 309 478 mur
339 445 389 485 et,
423 438 454 476 si
484 437 770 489 magnitudine
792 436 917 475 animi
940 436 1082 488 egredi
1105 434 1313 474 humanae
1335 435 1610 475 inbecillitatis
1633 437 1844 488 angustias

217 580 392 621 Socrate
433 579 548 626 licet,
601 579 792 618 dubitare
833 591 927 617 cum
971 576 1209 624 Carneade,
1263 590 1356 616 cum
1399 577 1580 630 Epicuro
1623 579 1846 630 quiescere,

217 651 396 690 hominis
428 657 618 690 naturam
652 663 747 688 cum
770 648 922 689 Stoicis
955 648 1129 695 uincere,
1163 661 1257 686 cum
1282 647 1447 699 Cynicis
1479 649 1698 688 excedere.
1752 661 1844 687 cum

218 736 353 762 rerum
397 727 544 761 natura
585 721 621 759 in
663 711 919 760 consortium
953 719 1087 758 omnis
1121 719 1210 758 aeui
1242 719 1422 770 patiatur
1453 719 1664 767 incedere,
1706 720 1848 772 quidni

219 794 271 833 ab
304 794 386 832 hoc
419 792 573 843 exiguo
607 798 648 831 et
682 792 842 831 caduco
875 790 1076 842 temporis
1108 790 1281 829 transitu
1314 790 1353 828 in
1386 789 1452 829 illa
1483 796 1576 829 toto
1600 803 1677 829 nos
1700 792 1848 830 demus

219 865 380 912 animo,
423 876 530 916 quae
573 863 778 909 inmensa,
822 874 929 914 quae
972 866 1140 900 aeterna
1182 866 1297 908 sunt,
1341 874 1449 912 quae
1482 874 1574 900 cum
1610 860 1848 900 melioribus

1870 520 1888 551 ἓ».

219 935 484 974 communia?
538 934 625 980 isti,
667 934 736 985 qui
778 946 853 985 per
896 931 1033 971 officia
1078 931 1330 978 discursant,
1372 931 1439 983 qui
1482 944 1526 970 se
1569 931 1753 984 aliosque
1791 933 1847 971 in·
1876 942 1894 972 :3

219 1006 416 1058 quietam,
450 1018 544 1044 cum
578 1005 686 1043 bene
718 1003 966 1050 insanierint,
999 1015 1093 1041 cum
1127 1003 1314 1041 omnium
1347 1001 1486 1042 limina
1509 1003 1664 1042 cotidie
1686 1016 1848 1055 peram-

221 1076 452 1116 bulauerint
484 1088 561 1114 nec
593 1074 694 1114 ullas
727 1080 894 1126 apertas
927 1073 1036 1113 fores
1068 1073 1374 1125 praeterierint,
1417 1086 1511 1112 cum
1546 1087 1619 1125 per
1661 1074 1848 1112 diuersis-

220 1150 346 1187 simas
371 1148 523 1186 domos
547 1146 801 1185 meritoriam
825 1145 1116 1184 salutationem
1141 1143 1475 1192 circumtulerint,
1507 1150 1682 1196 quotum
1705 1157 1848 1196 quem-

187 1232 302 1271 5que
341 1232 395 1257 ex
438 1224 525 1257 tam
568 1217 756 1256 inmensa
799 1223 839 1255 et
883 1216 1002 1255 uariis
1045 1215 1338 1267 cupiditatibus
1381 1215 1564 1254 districta
1599 1215 1699 1254 urbe
1732 1220 1849 1267 pote-

223 1296 315 1330 runt
359 1290 525 1328 uidere?
578 1301 705 1340 quam
749 1287 866 1326 multi
909 1293 1049 1334 erunt,
1099 1299 1278 1338 quorum
1321 1285 1411 1325 illos
1455 1293 1525 1325 aut
1567 1299 1740 1345 somnus
1781 1291 1852 1325 aut

221 1361 383 1401 luxuria
425 1365 495 1399 aut
539 1359 817 1398 inhumanitas
860 1359 1138 1397 submoueat?
1193 1371 1318 1409 quam
1353 1356 1468 1395 multi
1502 1357 1570 1409 qui
1603 1356 1715 1405 illos,
1757 1370 1851 1396 cum

224 1433 290 1472 diu
334 1432 548 1478 torserint,
592 1429 785 1469 simulata
817 1428 1079 1468 festinatione
1111 1429 1418 1467 transcurrant?
1471 1441 1598 1479 quam
1632 1427 1749 1466 multi
1780 1441 1854 1481 per

223 1502 419 1543 refertum
453 1501 669 1540 clientibus
702 1501 850 1539 atrium
883 1500 1050 1552 prodire
1082 1499 1273 1538 uitabunt
1303 1505 1344 1537 et
1366 1511 1440 1551 per
1463 1498 1666 1537 obscuros
1688 1499 1853 1538 aedium

224 1575 359 1614 aditus
402 1572 666 1625 profugient?
720 1571 836 1624 quasi
878 1584 962 1610 non
1004 1570 1267 1609 inhumanius
1309 1570 1361 1609 sit
1394 1570 1587 1622 decipere
1618 1583 1744 1622 quam
1778 1583 1851 1608 ex-

223 1645 400 1685 cludere.
463 1657 589 1696 quam
623 1643 740 1682 multi
773 1642 968 1682 hesterna
1001 1641 1168 1694 crapula
1200 1641 1474 1681 semisomnes
1507 1647 1549 1680 et
1581 1653 1747 1692 graues,
1781 1640 1854 1679 illis

224 1716 381 1755 miseris
423 1728 543 1754 suum
586 1727 783 1753 somnum
825 1713 1134 1766 rumpentibus,
1184 1718 1228 1751 ut
1270 1712 1449 1751 alienum
1493 1718 1740 1764 expectent,
1783 1712 1853 1750 uix

224 1787 426 1826 adleuatis
455 1785 580 1825 labris
609 1785 909 1824 insusurratum
933 1783 1091 1823 miliens
1114 1797 1269 1822 nomen
1293 1783 1538 1822 oscitatione
1561 1782 1856 1835 superbissima

226 1859 430 1897 reddent?
485 1856 562 1895 hos
595 1856 633 1894 in
667 1857 774 1895 ueris
805 1855 947 1894 officiis
980 1855 1130 1894 morari
1167 1854 1392 1907 lputamusl
1428 1853 1522 1893 licet
1556 1854 1754 1901 dicamus,
1787 1853 1856 1906 qui

226 1929 463 1976 Zenonem,
521 1928 590 1980 qui
643 1926 915 1978 Pythagoran
968 1926 1121 1965 cotidie
1173 1932 1214 1964 et
1268 1925 1557 1964 Democritum
1611 1931 1857 1976 ceterosque

225 2000 430 2039 antistites
464 1999 671 2037 bonarum
704 1998 865 2045 artium,
898 1997 967 2049 qui
991 1996 1265 2036 Aristotelem
1289 2003 1330 2035 et
1353 1995 1693 2048 Theophrastum
1717 1994 1858 2034 uolent

227 2071 383 2111 habere
425 2083 551 2121 quam
596 2068 947 2108 familiarissimos.
1010 2081 1136 2107 nemo
1179 2067 1329 2107 horum
1373 2080 1457 2105 non
1501 2067 1687 2114 uacabit,
1730 2078 1857 2105 nemo

227 2155 309 2180 non
344 2141 580 2180 uenientem
613 2141 668 2179 ad
700 2154 744 2179 se
773 2140 1006 2179 beatiorem
1029 2140 1390 2190 amantioremque
1413 2138 1472 2177 sui
1495 2138 1687 2176 dimittet.
1732 2149 1858 2175 nemo

227 2225 484 2264 quemquam
529 2212 666 2250 uacuis
708 2224 733 2250 a
773 2224 818 2250 se
861 2211 1052 2250 manibus
1091 2210 1205 2249 abire
1237 2211 1429 2262 patietur.
1493 2215 1618 2248 nocte
1650 2207 1859 2247 conueniri

230 2290 271 2322 et
304 2283 480 2322 interdiu
513 2282 567 2321 ab
601 2282 795 2321 omnibus
828 2281 1073 2321 mortalibus
1105 2287 1292 2333 possunt.

238 2451 244 2481 l
277 2450 362 2479 uiam
385 2447 544 2492 Lipsius:
567 2449 665 2478 uitam
772 2448 790 2478 Ji
818 2447 914 2477 nobis
932 2446 1022 2485 seclo
1043 2447 1082 2483 (is
1092 2445 1126 2478 ἱη
1139 2446 1227 2487 ras.)
1348 2445 1359 2478 ἶ
1389 2445 1553 2483 excedere,
1574 2443 1859 2476 cum..ince‹lere.

231 2509 351 2548 Quidni
369 2507 496 2551 aalys&
519 2506 836 2550 2'71lerpzmc'llonem
857 2504 992 2538 emend.
1006 2503 1154 2546 Μίιῐῖυἱκ]
1253 2516 1325 2535 cum
1346 2515 1483 2535 rererum
1588 2502 1626 2535 10
1645 2507 1752 2543 eterna
1772 2502 1806 2542 (a
1825 2500 1860 2533 in

232 2577 320 2607 ras.)
425 2566 462 2599 ‘1⁴'
484 2567 648 2597 meritoria
668 2567 712 2606 (m
729 2569 814 2610 pos!
833 2576 850 2595 a
866 2574 983 2606 erasa,
1003 2574 1080 2597 cnm
1100 2569 1206 2597 (nelca
1221 2563 1365 2608 punctis
1378 2567 1501 2596 nolula
1520 2566 1628 2598 essem
1650 2561 1685 2593 in
1700 2559 1862 2604 marqe'm’

233 2638 274 2658 ηι.
297 2629 314 2657 3
345 2626 507 2656 meritoria
536 2626 736 2666 i.oss1cinns)
836 2623 880 2657 22
916 2624 1038 2654 miseris
1066 2621 1139 2656 E‘2:
1171 2624 1304 2653 miseriis
1425 2622 1646 2664 rumpentibus
1674 2618 1857 2652 Muretus:

234 2690 415 2727 rumpentes·
440 2690 486 2721 (es
505 2684 537 2716 [n
559 2686 644 2725 ras.)
767 2688 934 2725 expectent
953 2682 1117 2716 imnerilo
1137 2686 1281 2725 templa!
1304 2679 1408 2714 Gerl:
1523 2682 1566 2713 253
1595 2680 1720 2719 milieiis

234 2769 274 2802 24
314 2775 460 2810 putamus
496 2777 586 2799 uuus
621 2766 838 2800 deteriorum
874 2765 988 2799 omisi!
1141 2764 1183 2797 ’ξῖ
1220 2765 1351 2795 uacabit
1385 2763 1466 2796 olim
1494 2772 1609 2796 carru:
1640 2745 1745 2793 uac‘i1it

518 2834 545 2855 ¹1-
1013 2846 1017 2850 .
1091 2850 1102 2852 s

235 2866 279 2896 ⁸2³·
307 2863 522 2894 amantiorem
550 2863 595 2892 sui
717 2863 761 2894 '39
789 2872 850 2892 con
878 2862 978 2892 ueniri
1003 2841 1029 2859 U
1053 2861 1153 2890 intdiu
