1977 3231
436 129 538 156 DIAL.
561 129 609 156 VI.
648 129 703 154 AD
724 129 911 156 MARCIAM
931 130 984 155 DE
1004 129 1324 156 CONSOLATIONE.
1365 131 1409 157 24.
1452 140 1456 144 ⁴
1653 135 1727 172 151

23 231 28 233 ’
69 232 88 264 2
115 232 306 278 conputa,
339 225 504 269 Marcia,
537 239 662 278 quam
696 240 788 265 raro
821 226 972 266 liberos
1004 227 1171 265 uideant
1202 239 1309 277 quae
1340 227 1379 264 in
1407 225 1577 265 diuersis
1599 226 1731 265 domi-

114 297 190 336 bus
232 296 431 335 habitant.
493 296 631 347 cogita
672 302 735 335 tot
767 296 856 336 illos
888 297 1020 349 perire
1052 310 1183 335 annos
1217 296 1416 335 matribus
1448 302 1489 335 et
1521 309 1594 348 per
1626 296 1732 335 solli-

115 367 337 406 citudinem
380 366 512 418 exigi,
555 366 703 419 quibus
745 366 849 406 filios
891 367 928 405 in
970 367 1154 405 exercitu
1196 367 1376 406 habent:
1423 367 1525 406 scies
1558 366 1733 406 multum

113 437 294 490 patuisse
326 436 406 476 hoc
438 443 615 489 tempus,
647 451 701 476 ex
734 452 816 489 quo
850 437 904 476 nil
934 437 1156 489 perdidisti.
1210 451 1436 490 numquam
1465 450 1488 476 a
1510 443 1734 490 conspectu

114 514 186 547 tuo
230 508 406 547 recessit.
468 508 546 547 sub
588 508 712 547 oculis
754 509 833 547 tuis
865 507 999 547 studia
1029 506 1223 546 formauit
1255 507 1494 547 excellentis
1526 508 1661 559 ingeni
1693 512 1735 547 et
1754 522 1768 546 5

114 578 324 631 aequaturi
358 592 492 626 auum,
525 579 598 617 nisi
629 579 857 618 obstitisset
889 578 1146 625 uerecundia,
1178 591 1283 629 quae
1318 577 1542 617 multorum
1575 576 1733 631 profec-

68 652 86 683 3³
115 656 179 689 tus
211 648 371 689 silentio
414 650 571 701 pressit.
633 649 876 688 adulescens
918 649 1146 688 rarissimae
1190 647 1349 688 formae
1391 649 1429 687 in
1462 655 1547 688 tam
1582 661 1736 700 magna

114 720 357 760 feminarum
390 720 511 759 turba
543 720 652 759 uiros
684 720 1037 771 corrumpentium
1070 719 1215 757 nullius
1247 732 1291 758 se
1322 719 1409 771 spei
1440 719 1650 771 praebuit,
1694 725 1735 758 et

115 804 209 830 cum
232 792 491 843 quarundam
513 803 642 842 usque
664 790 718 829 ad
732 790 1024 841 temptandum
1041 789 1296 842 peruenisset
1314 789 1552 841 inprobitas,
1575 789 1735 828 erubuit

114 862 228 914 quasi
260 867 489 913 peccasset,
521 860 633 912 quod
666 860 886 912 placuerat.
948 859 1026 899 hac
1058 860 1274 899 sanctitate
1308 873 1470 899 morum
1504 859 1658 907 effecit,
1692 866 1734 898 ut

114 946 216 984 puer
258 932 487 971 admodum
532 932 679 983 dignus
721 931 956 970 sacerdotio
1002 931 1225 978 uideretur,
1270 936 1458 970 materna
1489 931 1574 969 sine
1607 930 1734 969 dubio

113 1003 418 1055 suffragatione,
441 1002 516 1041 sed
537 1015 587 1041 ne
611 1007 744 1041 mater
765 1002 932 1053 quidem
956 1002 1029 1041 nisi
1050 1015 1126 1053 pro
1149 1002 1264 1040 bono
1287 1001 1509 1040 candidato
1533 1000 1736 1039 ualuisset.

76 1074 82 1085 '
114 1073 259 1113 harum
284 1072 637 1124 contemplatione
659 1073 854 1111 uirtutum
878 1071 1004 1111 filium
1028 1085 1126 1123 gere
1148 1072 1263 1124 quasi
1284 1073 1323 1111 in
1345 1072 1444 1119 sinu,
1457 1060 1564 1110 nunc
1581 1071 1645 1110 ille
1664 1071 1736 1110 tibi

115 1145 246 1196 magis
269 1149 398 1183 uacat.
438 1156 544 1181 nunc
567 1142 663 1181 nihil
685 1142 824 1189 habet,
848 1156 930 1195 quo
954 1149 1160 1181 auocetur.
1196 1145 1422 1194 numquam
1445 1142 1519 1181 tibi
1541 1141 1732 1182 sollicitu-

115 1215 208 1262 dini,
232 1227 457 1266 numquam
491 1213 667 1252 maerori
702 1214 784 1252 erit.
838 1214 951 1265 quod
985 1226 1109 1252 unum
1134 1226 1188 1252 ex
1210 1219 1295 1252 tam
1319 1213 1434 1251 bono
1456 1212 1538 1251 filio
1568 1218 1734 1265 poteras

115 1285 269 1333 dolere,
293 1284 477 1325 doluisti:
514 1290 662 1332 cetera,
685 1290 886 1336 exempta
901 1284 1074 1331 casibus,
1096 1283 1217 1336 plena
1232 1283 1454 1335 uoluptatis
1469 1288 1574 1330 sunt,
1596 1283 1628 1322 si
1644 1295 1731 1322 mo-

117 1357 172 1396 do
206 1357 262 1395 uti
294 1355 376 1395 filio
410 1356 499 1403 scis,
531 1355 560 1394 si
586 1356 716 1394 modo
742 1355 840 1407 quid
864 1355 902 1393 in
925 1354 992 1394 illo
1015 1354 1357 1406 pretiosissimum
1381 1352 1500 1392 fuerit
1522 1353 1734 1405 intellegis.

69 1429 80 1459 ἵ
114 1428 255 1479 imago
288 1427 509 1466 dumtaxat
541 1426 594 1465 fili
625 1426 682 1466 tui
715 1426 832 1478 periit
865 1431 906 1465 et
928 1424 1085 1477 effigies
1107 1438 1190 1464 non
1212 1423 1425 1472 simillima,
1457 1425 1545 1477 ipse
1566 1425 1734 1476 quidem

116 1503 306 1537 aeternus
349 1497 609 1549 meliorisque
648 1510 756 1535 nunc
794 1502 926 1536 status
959 1503 1041 1544 est,
1086 1496 1340 1547 despoliatus
1372 1495 1565 1534 oneribus
1597 1494 1735 1534 alienis

116 1576 157 1608 et
188 1568 265 1609 sibi
298 1568 469 1608 relictus.
523 1568 626 1607 haec
658 1580 763 1619 quae
796 1567 910 1606 uides
943 1567 1198 1606 circumdata
1228 1566 1350 1605 nobis
1378 1579 1484 1613 ossa,
1516 1579 1665 1605 neruos
1694 1571 1735 1604 et
1755 1582 1769 1603 ·.

115 1640 343 1679 obductam
387 1646 526 1678 cutem
568 1639 810 1691 uoltumque
850 1644 891 1686 et
934 1639 1138 1678 ministras
1170 1650 1315 1676 manus
1348 1643 1389 1676 et
1422 1642 1559 1675 cetera
1589 1637 1735 1688 quibus

113 1710 285 1750 inuoluti
316 1724 478 1758 sumus,
511 1710 670 1749 uincula
701 1709 934 1748 animorum
966 1708 1247 1759 tenebraeque
1278 1713 1382 1747 sunt.
1445 1707 1631 1746 obruitur
1662 1706 1735 1755 his,

115 1781 328 1829 offocatur,
360 1780 544 1828 inficitur,
577 1786 738 1820 arcetur
770 1793 793 1818 a
826 1780 930 1819 ueris
963 1785 1003 1818 et
1035 1780 1115 1817 suis
1147 1779 1186 1817 in
1214 1778 1315 1817 falsa
1337 1778 1557 1817 coniectus.
1611 1791 1735 1816 omne

115 1852 168 1892 illi
210 1865 302 1892 cum
346 1852 424 1891 hac
465 1856 579 1904 graui
621 1865 744 1890 carne
785 1856 996 1890 certamen
1039 1856 1122 1897 est,
1166 1863 1217 1888 ne
1250 1847 1514 1888 abstrahatur
1545 1854 1587 1888 et
1618 1847 1735 1887 sidat.

120 2076 130 2109 1
163 2079 316 2117 computa
430 2074 445 2107 4'
477 2086 513 2105 ex
540 2087 603 2116 quo
622 2049 660 2074 ml
680 2074 814 2115 pdidisli
933 2084 1107 2114 numquam
1135 2083 1152 2102 a
1179 2077 1352 2113 conspectu
1381 2081 1472 2103 nutes
1499 2069 1732 2104 deteriorem.-

115 2151 288 2182 numquam
308 2142 480 2181 conspectu
584 2138 619 2171 lO
645 2134 729 2185 haric
755 2139 925 2170 sanctitate
1042 2137 1079 2169 13
1107 2147 1183 2178 gere
1201 2137 1291 2177 quasi
1318 2137 1347 2166 in
1375 2137 1454 2174 sinu,
1482 2147 1564 2167 nuuc
1585 2134 1736 2179 llIadmy

118 2205 221 2245 (quasi
247 2206 315 2235 sinu
344 2202 450 2237 Gertz
477 2203 554 2237 sine
579 2202 752 2245 rate'one):
781 2205 849 2245 geri
876 2214 973 2244 quam
999 2203 1024 2232 si
1051 2213 1133 2232 nunc
1274 2200 1314 2233 14
1341 2206 1493 2232 auocetur
1520 2198 1732 2234 Pincianus:

116 2270 246 2295 uocetur
380 2262 419 2295 lb*
447 2267 570 2301 cetera,
606 2268 755 2304 exempta
793 2261 919 2296 Gertz:
958 2265 1064 2292 celera
1099 2265 1246 2301 exempta
1280 2259 1410 2303 nul-qo:
1448 2264 1554 2291 cetera
1589 2259 1736 2300 exempla

241 2321 277 2354 17
305 2322 348 2353 uti
376 2320 502 2364 zcrclqo:
531 2326 563 2352 ut
680 2322 719 2355 lo'
746 2322 839 2363 periit
866 2319 994 2364 uulqo:
1025 2320 1105 2361 perit
1222 2319 1346 2360 effigies
1373 2317 1588 2352 deteriores:
1618 2318 1737 2349 efficies

238 2380 279 2413 19
314 2385 412 2411 status
447 2379 662 2414 deteriores:
701 2381 798 2411 satius
942 2378 985 2411 '20
1018 2379 1217 2409 circumdata
1250 2379 1345 2409 nobis
1372 2389 1464 2417 ossa,
1497 2388 1611 2408 neruos
1638 2375 1735 2409 Koch

117 2438 312 2472 secuudum
337 2438 470 2472 codicis
495 2439 711 2483 scripturmn
739 2437 900 2472 habentis
927 2439 1047 2469 circum
1072 2438 1167 2468 nobis
1185 2448 1268 2475 ossa,
1295 2446 1364 2469 non
1392 2447 1465 2467 ossa
1493 2437 1613 2467 circum
1631 2436 1736 2472 nobis,

117 2509 186 2542 qno
224 2497 322 2542 falso
360 2496 599 2542 [laudamento
634 2497 705 2530 uisi
736 2496 963 2531 coniecerunt
998 2494 1149 2539 Madulq
1183 2507 1256 2526 ossa
1289 2506 1327 2526 ac
1360 2495 1578 2526 circumdatos
1613 2495 1737 2525 ossibus

118 2568 244 2596 ueruoS,
266 2555 370 2591 Gertz
398 2568 471 2588 ossa
491 2568 528 2588 ac
547 2557 798 2588 circumuolutos
826 2557 863 2586 iis
889 2566 1023 2591 neruos;
1052 2553 1164 2588 uerba
1182 2555 1381 2585 circumdata
1400 2554 1494 2585 nobis
1513 2560 1604 2588 ossa:
1624 2563 1737 2583 neruos

119 2615 335 2659 respondent
361 2615 535 2650 obductae
562 2615 635 2648 culi
650 2619 682 2648 ec
705 2615 832 2648 celeris
849 2613 978 2658 quibas
995 2611 1247 2646 circmmcolulz'
1263 2622 1387 2646 santus
1508 2612 1546 2644 21
1579 2611 1733 2651 uultumq3

229 2674 272 2707 ‘22
292 2675 435 2705 obruitur
452 2675 502 2705 his
520 2684 597 2707 cum
616 2672 738 2707 codice
755 2671 918 2716 llladuz'q,
937 2673 1082 2703 obruitur
1099 2673 1148 2702 his
1167 2673 1290 2702 animus
1309 2669 1417 2715 *cml-(10
1520 2672 1564 2704 2ἰί
1584 2671 1738 2710 effugatur

121 2732 198 2766 cod.
226 2734 383 2764 offocatur
405 2731 563 2777 Georqes
589 2733 639 2774 (ιιι
664 2731 708 2766 cle
727 2731 825 2765 bren.
851 2732 945 2765 uitae
969 2732 999 2772 2,
1019 2731 1053 2771 4)
1082 2731 1254 2761 offuscatur
1271 2728 1378 2774 uulqo
1396 2731 1568 2761 suffocatur
1587 2727 1736 2772 Madm'q

230 2803 248 2822 a
273 2792 354 2823 ueris
382 2789 595 2825 Pincianus:
626 2791 744 2822 auersis
852 2791 993 2822 coiectus
1106 2788 1150 2822 ⁴24
1175 2789 1267 2830 graui
1295 2799 1391 2820 carne
1417 2786 1495 2821 cod.
1524 2798 1619 2819 carne
1645 2788 1736 2829 graui

118 2849 228 2893 uulyo
348 2850 534 2881 abtrahatur

1758 874 1787 899 10

1759 1227 1787 1251 ¹5
