1977 3231
66 1294 87 1326 ιζ.

523 123 721 150 D1AL.V111.
761 123 815 148 AD
836 123 1022 149 SERENVM
1044 124 1096 148 DE
1117 122 1223 149 OTIO.
1263 124 1289 150 4.
1312 125 1338 150 5.
1662 127 1739 164 187

117 235 358 275 possumus,
399 223 530 261 immo
574 235 673 260 uero
716 222 855 260 nescio
898 234 949 260 an
990 222 1028 259 in
1071 221 1158 260 otio
1198 218 1363 267 melius,
1407 227 1451 260 ut
1483 233 1740 272 quaeramus,

116 293 215 346 quid
246 295 298 333 sit
330 294 468 339 uirtus,
502 305 582 331 una
613 291 807 343 pluresne·
835 293 926 331 sint.
969 297 1115 330 natura
1145 305 1197 330 an
1229 304 1294 330 ars
1315 290 1452 330 bonos
1475 292 1584 330 uiros
1607 289 1740 330 faciat.

118 377 244 403 unum
286 365 338 403 sit
379 362 481 411 hoc,
525 362 637 414 quod
681 352 826 402 maria
853 368 1067 414 terrasque
1109 368 1151 401 et
1194 362 1295 401 mari
1338 375 1386 401 ac
1428 363 1547 402 terris
1588 363 1743 401 inserta

117 433 413 488 conplectitur,
449 447 500 473 an
533 433 663 474 multa
695 432 898 473 eiusmodi
931 446 1109 484 corpora
1141 433 1242 472 deus
1274 434 1483 485 sparserit.
1546 432 1743 472 continua

115 507 167 546 sit
198 506 334 545 omnis
366 511 408 545 ct
440 504 562 557 plena
595 506 788 552 materia,
822 518 876 544 ex
908 517 989 556 qua
1021 509 1169 542 cuncta
1200 505 1445 556 gignuntur,
1489 517 1540 543 an
1572 502 1744 544 diducta

117 584 159 617 et
200 575 341 616 solidis
384 577 503 615 inane
546 577 802 628 permixtum
845 577 908 614 sit.
972 574 1074 614 deus
1117 574 1238 613 deses
1278 588 1383 626 opus
1415 587 1534 613 suum
1569 581 1743 626 spectet,

117 661 168 687 an
201 652 351 686 tractet
406 633 597 686 utrumne
630 646 886 686 extrinsecus
919 644 971 684 illi
1004 643 1272 684 circumfusus
1305 645 1366 693 sit,
1400 658 1451 684 an
1479 646 1556 685 toti
1580 645 1743 685 inditus.

116 716 343 758 inmortalis
376 717 426 756 sit
460 717 652 765 mundus,
685 730 736 756 an
769 718 874 756 inter
897 715 1052 755 caduca
1075 721 1116 755 et
1139 716 1192 755 ad
1214 722 1381 768 tempus
1404 721 1502 755 nata
1524 729 1741 755 numeran-

117 790 205 828 dus.
267 788 370 828 haec
412 790 481 840 qui
525 787 851 841 contemplatur,
894 787 994 839 quid
1038 786 1119 826 deo
1161 788 1373 839 praestat?
1416 800 1468 826 ne
1510 792 1627 826 tanta
1659 786 1744 826 eius

115 873 244 912 opera
276 860 363 899 sine
395 864 503 899 teste
536 859 598 898 sit.

131 983 138 992 Ι
231 930 282 970 V.
332 928 527 970 Solemus
561 929 697 969 dicere
729 942 940 969 summum
973 928 1133 969 bonurn
1166 942 1256 968 esse
1288 929 1518 968 secundum
1552 934 1741 967 naturam

114 1003 274 1041 uiuere:
320 1007 466 1040 natura
504 1014 580 1040 nos
613 1001 666 1040 ad
698 1007 921 1052 utrumque
952 1000 1114 1052 genuit,
1157 1005 1198 1038 et
1230 997 1569 1052 contemplationi
1603 1012 1739 1038 rerum

113 1078 155 1112 et
187 1071 346 1112 actioni.
413 1071 506 1123 [32.]
552 1084 660 1110 nunc
690 1071 772 1110 iarn
804 1070 1055 1123 probemus,
1098 1070 1214 1122 quod
1246 1069 1356 1122 ptius
1390 1062 1581 1109 diximus.
1646 1070 1743 1122 quoi

113 1156 239 1197 porro
271 1142 354 1182 hoc
385 1156 469 1181 non
502 1142 576 1181 erit
608 1141 846 1194 probatum,
879 1143 911 1180 si
943 1154 988 1180 se
1020 1141 1299 1193 unusquisque
1322 1139 1582 1189 consuluerit,
1614 1154 1741 1193 quan-

112 1220 199 1253 tam
233 1213 466 1265 cupidinem
508 1212 662 1251 habeat
704 1214 849 1264 ignota
889 1212 1109 1259 noscendi,
1153 1225 1280 1264 quam
1321 1211 1376 1251 ad
1420 1212 1554 1250 omnis
1585 1211 1743 1251 fabulas

114 1285 345 1325 excitetur?
389 1284 585 1335 nauigant
626 1283 796 1335 quidam
832 1289 873 1322 ct
904 1282 1069 1322 labores
1101 1283 1446 1335 peregrinationis
1477 1281 1744 1334 longissimae

114 1369 194 1394 una
238 1355 432 1394 mercede
471 1355 758 1407 perpetiuntur
790 1354 1075 1406 cognoscendi
1107 1353 1258 1406 aliquid
1292 1353 1481 1393 abditum
1515 1360 1741 1393 remotum-

113 1440 205 1478 que.
267 1425 372 1465 haec
403 1439 468 1465 res
501 1425 555 1464 ad
587 1424 826 1478 spectacula
858 1424 1038 1478 populos
1071 1423 1300 1473 contrahit,
1341 1424 1446 1464 haec
1478 1425 1592 1476 cogit
1624 1439 1741 1477 prae-

115 1496 227 1537 clusa
274 1497 431 1544 rimari,
479 1496 702 1535 secretiora
744 1495 983 1548 exquirere,
1032 1495 1298 1547 antiquitates
1341 1494 1555 1543 euoluere,
1606 1509 1745 1535 mores

71 1575 89 1606 ἕ),
117 1567 388 1607 barbararum
422 1567 563 1606 audire
596 1566 794 1619 gentium.
838 1567 1043 1606 curiosum
1076 1566 1197 1606 nobis
1229 1572 1375 1606 natura
1397 1567 1606 1618 ingenium
1629 1566 1745 1606 dedit

117 1644 158 1677 ct
205 1637 301 1677 artis
343 1636 418 1676 sibi
460 1650 507 1676 ac
549 1636 861 1690 pulchritudinis
893 1650 991 1676 suae
1024 1637 1189 1676 conscia
1220 1642 1479 1689 spectatores
1511 1649 1588 1675 nos
1621 1636 1744 1676 tantis

118 1722 252 1748 rerum
296 1708 541 1761 spectaculis
584 1708 746 1759 genuit,
788 1708 1001 1760 perditura
1042 1706 1220 1747 fructum
1263 1708 1344 1755 sui,
1386 1707 1418 1747 si
1459 1713 1545 1746 tam
1579 1720 1744 1759 magna,

116 1786 202 1819 tam
248 1778 377 1827 clara,
419 1785 507 1818 tam
549 1778 753 1818 subtiliter
795 1779 940 1826 ducta,
983 1784 1069 1818 tam
1113 1778 1242 1818 nitida
1284 1784 1326 1818 et
1358 1792 1442 1818 non
1475 1791 1557 1817 uno
1590 1791 1743 1830 genere

116 1850 301 1890 formosa
332 1848 543 1889 solitudini
575 1850 828 1888 ostenderet.
873 1855 917 1888 ut
949 1849 1053 1889 scias
1085 1848 1194 1889 illam
1227 1849 1405 1901 spectari
1438 1848 1626 1897 uoluisse,
1659 1863 1743 1889 non

116 1927 278 1962 tantum
310 1921 477 1973 adspici,
511 1920 605 1959 uide
636 1934 760 1972 quem
795 1920 915 1960 nobis
947 1920 1085 1960 locum
1119 1920 1301 1960 dederit:
1338 1921 1377 1960 in
1410 1921 1549 1960 media
1580 1934 1656 1960 nos
1684 1920 1744 1960 sui

115 1998 234 2045 parte
267 1991 477 2031 constituit
510 1997 551 2030 et
583 1992 929 2045 circumspectum
963 1992 1149 2031 omnium
1181 1990 1302 2031 nobis
1335 1991 1462 2031 dedit.
1506 2003 1582 2030 nec
1611 1991 1744 2030 erexit

115 2063 412 2103 tantummodo
454 2061 688 2110 hominem,
737 2063 812 2101 sed
855 2063 978 2102 etiam
1022 2061 1201 2102 habilem
1245 2061 1308 2100 ad
1346 2061 1743 2114 contemplationem

117 2134 294 2182 factura,
337 2139 381 2172 ut
413 2132 466 2172 ab
499 2138 592 2172 ortu
625 2133 760 2172 sidera
792 2134 829 2172 in
863 2147 1056 2172 occasum
1090 2133 1271 2172 labentia
1302 2134 1496 2185 prosequi
1527 2138 1671 2185 posset
1703 2138 1745 2172 et

117 2204 277 2244 uoltum
309 2218 430 2244 suum
463 2203 725 2244 circumferre
757 2217 850 2244 cum
883 2210 989 2252 totO,
1021 2204 1198 2244 sublime
1231 2203 1326 2243 fecit
1348 2202 1401 2242 illi
1424 2211 1547 2258 caput
1570 2210 1610 2243 et
1634 2202 1742 2243 collo

117 2371 135 2400 :3
164 2373 193 2400 et
220 2369 303 2400 mari
331 2379 368 2400 ac
396 2369 485 2400 terris
511 2367 639 2413 uulqo:
675 2372 703 2400 et
731 2369 833 2399 maria
862 2380 879 2399 a
896 2358 961 2399 ‘tris
1105 2367 1125 2400 4
1160 2368 1354 2410 οδρὶεςῒίῐιπ
1496 2367 1516 2401 6
1551 2368 1742 2409 permixtum

117 2450 244 2496 uulqo:
272 2453 438 2493 pmixtfiq3
547 2452 623 2483 (leus
642 2452 732 2483 deses
750 2449 869 2484 Kocll:
895 2434 1013 2482 Iis-edes
1032 2449 1109 2485 cod.
1137 2451 1214 2482 deus
1240 2451 1354 2482 sedens
1371 2449 1480 2495 wll—qo
1500 2451 1576 2481 deus
1596 2450 1744 2481 desidem

119 2509 239 2544 Haase
364 2510 401 2544 ,13
430 2511 494 2542 iarn
520 2507 696 2552 probemus
720 2508 886 2544 Fickert:
915 2507 1057 2552 ipbem'
1180 2507 1244 2551 p'us
1271 2507 1378 2540 dixim’
1408 2508 1486 2543 cod.
1514 2514 1546 2543 el
1570 2507 1744 2542 edl'te'oncs

117 2579 228 2613 usque
262 2568 313 2603 ad
344 2567 538 2609 Haasmm,
576 2569 640 2613 qui
671 2568 847 2603 Italorum
883 2567 1014 2603 indicio
1048 2567 1217 2613 deceptus
1250 2567 1362 2602 edidit
1395 2569 1481 2610 prius
1515 2568 1742 2609 praediximus,

235 2629 310 2670 quoi
328 2626 499 2673 Madm'q:
529 2629 605 2670 quid
734 2629 770 2662 15
797 2630 917 2660 habeat
935 2629 961 2671 (t
979 2629 1092 2669 corr.)
1209 2628 1249 2661 lii
1269 2628 1420 2660 excitetur
1439 2626 1567 2671 cml-qo:
1596 2625 1743 2658 excitent*

243 2686 280 2721 19
305 2687 415 2718 rimari
443 2686 658 2721 deteriores:
689 2688 805 2719 rimare
926 2687 964 2720 ‘31
997 2688 1127 2718 conscia
1153 2696 1245 2720 unus
1272 2685 1507 2728 deteriorum:
1540 2687 1626 2726 {scie

117 2770 161 2802 25>
196 2770 298 2811 aspici
443 2769 487 2803 ‘27
522 2770 665 2801 habilem
701 2770 744 2801 ad
778 2770 1087 2811 contemplationem
1114 2767 1234 2803 Koch:
1271 2753 1337 2802 hai}
1368 2770 1570 2810 Eteplatione
1597 2767 1743 2809 (lineola

122 2862 235 2896 snpra
261 2850 419 2885 ultimam
446 2863 462 2883 e
489 2850 571 2895 del.)
716 2851 760 2886 ‘29
795 2852 884 2884 uultu
1022 2856 1064 2884 esi
1092 2836 1176 2884 totoS
1320 2857 1415 2894 caput
1443 2853 1467 2895 (t
1493 2853 1600 2888 corr.)

1766 868 1795 893 10

1768 1221 1797 1245 15

1765 1574 1798 1599 20

1765 1927 1797 1952 25
