<?xml version="1.0" encoding="UTF-8"?>
<!DOCTYPE html PUBLIC "-//W3C//DTD XHTML 1.0 Transitional//EN"
    "http://www.w3.org/TR/xhtml1/DTD/xhtml1-transitional.dtd">
<html xmlns="http://www.w3.org/1999/xhtml" xml:lang="en" lang="en">
 <head>
  <title>
</title>
<meta http-equiv="Content-Type" content="text/html;charset=utf-8" />
  <meta name='ocr-system' content='tesseract 3.04.00' />
  <meta name='ocr-capabilities' content='ocr_page ocr_carea ocr_par ocr_line ocrx_word'/>
</head>
<body>
  <div class='ocr_page' id='page_1' title='image "./dialogorumlibrid00seneuoft_0133.png"; bbox 0 0 1977 3231; ppageno 0'>
   <div class='ocr_carea' id='block_1_1' title="bbox 62 1314 82 1346">
    <p class='ocr_par' dir='ltr' id='par_1_1' title="bbox 62 1314 82 1346">
     <span class='ocr_line' id='line_1_1' title="bbox 62 1314 82 1346; textangle 90"><span class='ocrx_word' id='word_1_1' title='bbox 62 1314 82 1346; x_wconf 54' lang='grc' dir='ltr'>δᾴ</span> 
     </span>
    </p>
   </div>
   <div class='ocr_carea' id='block_1_2' title="bbox 59 2442 79 2472">
    <p class='ocr_par' dir='ltr' id='par_1_2' title="bbox 59 2442 79 2472">
     <span class='ocr_line' id='line_1_2' title="bbox 59 2442 79 2472; textangle 90"><span class='ocrx_word' id='word_1_2' title='bbox 59 2442 79 2472; x_wconf 61' lang='grc' dir='ltr'>ΛΞ</span> 
     </span>
    </p>
   </div>
   <div class='ocr_carea' id='block_1_3' title="bbox 564 152 1733 194">
    <p class='ocr_par' dir='ltr' id='par_1_3' title="bbox 564 152 1733 194">
     <span class='ocr_line' id='line_1_3' title="bbox 564 152 1733 194; baseline 0 -16"><span class='ocrx_word' id='word_1_3' title='bbox 564 153 667 179; x_wconf 82' lang='lat' dir='ltr'>DIAL.</span> <span class='ocrx_word' id='word_1_4' title='bbox 688 153 723 180; x_wconf 89' lang='lat' dir='ltr'>V.</span> <span class='ocrx_word' id='word_1_5' title='bbox 761 153 814 178; x_wconf 89' lang='lat' dir='ltr'>DE</span> <span class='ocrx_word' id='word_1_6' title='bbox 834 153 903 178; x_wconf 83' lang='lat' dir='ltr'>IRA</span> <span class='ocrx_word' id='word_1_7' title='bbox 923 152 995 179; x_wconf 87' lang='lat' dir='ltr'>LIB.</span> <span class='ocrx_word' id='word_1_8' title='bbox 1019 152 1071 180; x_wconf 82' lang='lat'>111.</span> <span class='ocrx_word' id='word_1_9' title='bbox 1114 154 1152 179; x_wconf 87' lang='lat'>10.</span> <span class='ocrx_word' id='word_1_10' title='bbox 1176 155 1216 179; x_wconf 84' lang='grc' dir='ltr'>Η.</span> <span class='ocrx_word' id='word_1_11' title='bbox 1239 154 1280 178; x_wconf 78' lang='lat'>12.</span> <span class='ocrx_word' id='word_1_12' title='bbox 1681 156 1733 194; x_wconf 69' lang='lat'>95</span> 
     </span>
    </p>
   </div>
   <div class='ocr_carea' id='block_1_4' title="bbox 113 248 1737 512">
    <p class='ocr_par' dir='ltr' id='par_1_4' title="bbox 113 248 1737 512">
     <span class='ocr_line' id='line_1_4' title="bbox 114 248 1734 302; baseline -0.002 -12"><span class='ocrx_word' id='word_1_13' title='bbox 114 264 233 290; x_wconf 90' lang='lat' dir='ltr'>suum</span> <span class='ocrx_word' id='word_1_14' title='bbox 265 264 388 290; x_wconf 87' lang='lat' dir='ltr'>nosse</span> <span class='ocrx_word' id='word_1_15' title='bbox 421 258 463 290; x_wconf 88' lang='lat' dir='ltr'>et</span> <span class='ocrx_word' id='word_1_16' title='bbox 495 252 600 289; x_wconf 89' lang='lat' dir='ltr'>uires</span> <span class='ocrx_word' id='word_1_17' title='bbox 633 250 718 289; x_wconf 88' lang='lat' dir='ltr'>eius</span> <span class='ocrx_word' id='word_1_18' title='bbox 750 256 976 302; x_wconf 79' lang='lat' dir='ltr'>antequam</span> <span class='ocrx_word' id='word_1_19' title='bbox 1020 249 1248 301; x_wconf 89' lang='lat' dir='ltr'>spatientur</span> <span class='ocrx_word' id='word_1_20' title='bbox 1285 250 1534 300; x_wconf 83' lang='lat' dir='ltr'><strong>opprimere.</strong></span> <span class='ocrx_word' id='word_1_21' title='bbox 1596 248 1734 286; x_wconf 88' lang='lat' dir='ltr'>uidea-</span> 
     </span>
     <span class='ocr_line' id='line_1_5' title="bbox 115 317 1734 373; baseline -0.002 -13"><span class='ocrx_word' id='word_1_22' title='bbox 115 335 206 360; x_wconf 91' lang='lat' dir='ltr'>mus</span> <span class='ocrx_word' id='word_1_23' title='bbox 238 322 338 373; x_wconf 92' lang='lat' dir='ltr'>quid</span> <span class='ocrx_word' id='word_1_24' title='bbox 368 323 430 368; x_wconf 87' lang='lat' dir='ltr'>sit,</span> <span class='ocrx_word' id='word_1_25' title='bbox 470 321 585 372; x_wconf 93' lang='lat' dir='ltr'>quod</span> <span class='ocrx_word' id='word_1_26' title='bbox 617 334 694 359; x_wconf 91' lang='lat' dir='ltr'>nos</span> <span class='ocrx_word' id='word_1_27' title='bbox 726 322 912 359; x_wconf 80' lang='lat' dir='ltr'>maxime</span> <span class='ocrx_word' id='word_1_28' title='bbox 944 321 1135 359; x_wconf 89' lang='lat' dir='ltr'>concitet.</span> <span class='ocrx_word' id='word_1_29' title='bbox 1187 319 1311 359; x_wconf 87' lang='lat' dir='ltr'>alium</span> <span class='ocrx_word' id='word_1_30' title='bbox 1345 319 1580 366; x_wconf 87' lang='lat' dir='ltr'>uerborum,</span> <span class='ocrx_word' id='word_1_31' title='bbox 1613 317 1734 357; x_wconf 84' lang='lat' dir='ltr'>alium</span> 
     </span>
     <span class='ocr_line' id='line_1_6' title="bbox 114 389 1737 436; baseline -0.002 -6"><span class='ocrx_word' id='word_1_32' title='bbox 114 404 250 430; x_wconf 89' lang='lat' dir='ltr'>rerum</span> <span class='ocrx_word' id='word_1_33' title='bbox 284 390 560 429; x_wconf 80' lang='lat' dir='ltr'>contumeliae</span> <span class='ocrx_word' id='word_1_34' title='bbox 594 396 777 430; x_wconf 89' lang='lat' dir='ltr'>mouent.</span> <span class='ocrx_word' id='word_1_35' title='bbox 840 390 905 429; x_wconf 89' lang='lat' dir='ltr'>hic</span> <span class='ocrx_word' id='word_1_36' title='bbox 937 389 1024 429; x_wconf 89' lang='lat' dir='ltr'>uult</span> <span class='ocrx_word' id='word_1_37' title='bbox 1067 389 1287 436; x_wconf 84' lang='lat' dir='ltr'>nobilitati,</span> <span class='ocrx_word' id='word_1_38' title='bbox 1330 389 1395 428; x_wconf 92' lang='lat' dir='ltr'>hic</span> <span class='ocrx_word' id='word_1_39' title='bbox 1438 389 1598 428; x_wconf 87' lang='lat' dir='ltr'>formae</span> <span class='ocrx_word' id='word_1_40' title='bbox 1638 402 1737 428; x_wconf 79' lang='lat' dir='ltr'>suae</span> 
     </span>
     <span class='ocr_line' id='line_1_7' title="bbox 113 459 1734 512; baseline -0.001 -13"><span class='ocrx_word' id='word_1_41' title='bbox 113 461 238 512; x_wconf 89' lang='lat' dir='ltr'>parci.</span> <span class='ocrx_word' id='word_1_42' title='bbox 289 460 355 499; x_wconf 92' lang='lat' dir='ltr'>hic</span> <span class='ocrx_word' id='word_1_43' title='bbox 387 460 715 512; x_wconf 81' lang='lat' dir='ltr'>elegantissimus</span> <span class='ocrx_word' id='word_1_44' title='bbox 748 460 891 499; x_wconf 82' lang='lat' dir='ltr'>haberi</span> <span class='ocrx_word' id='word_1_45' title='bbox 925 460 1049 511; x_wconf 85' lang='lat' dir='ltr'>cupit,</span> <span class='ocrx_word' id='word_1_46' title='bbox 1081 459 1146 499; x_wconf 90' lang='lat' dir='ltr'>ille</span> <span class='ocrx_word' id='word_1_47' title='bbox 1174 461 1448 499; x_wconf 84' lang='lat' dir='ltr'>doctissimus.</span> <span class='ocrx_word' id='word_1_48' title='bbox 1497 459 1562 498; x_wconf 93' lang='lat' dir='ltr'>hic</span> <span class='ocrx_word' id='word_1_49' title='bbox 1594 473 1734 511; x_wconf 85' lang='lat' dir='ltr'>super·</span> 
     </span>
    </p>
   </div>
   <div class='ocr_carea' id='block_1_5' title="bbox 114 530 1771 583">
    <p class='ocr_par' dir='ltr' id='par_1_5' title="bbox 114 530 1771 583">
     <span class='ocr_line' id='line_1_8' title="bbox 114 530 1771 583; baseline -0.002 -13"><span class='ocrx_word' id='word_1_50' title='bbox 114 531 206 570; x_wconf 83' lang='lat' dir='ltr'>biae</span> <span class='ocrx_word' id='word_1_51' title='bbox 237 532 440 583; x_wconf 80' lang='lat' dir='ltr'>inpatiens</span> <span class='ocrx_word' id='word_1_52' title='bbox 472 537 546 578; x_wconf 83' lang='lat' dir='ltr'>est,</span> <span class='ocrx_word' id='word_1_53' title='bbox 579 530 644 569; x_wconf 80' lang='lat' dir='ltr'>hic</span> <span class='ocrx_word' id='word_1_54' title='bbox 676 531 972 570; x_wconf 85' lang='lat' dir='ltr'>contumaciae.</span> <span class='ocrx_word' id='word_1_55' title='bbox 1036 530 1100 569; x_wconf 90' lang='lat' dir='ltr'>ille</span> <span class='ocrx_word' id='word_1_56' title='bbox 1143 544 1287 570; x_wconf 90' lang='lat' dir='ltr'>seruos</span> <span class='ocrx_word' id='word_1_57' title='bbox 1318 543 1403 569; x_wconf 89' lang='lat' dir='ltr'>non</span> <span class='ocrx_word' id='word_1_58' title='bbox 1435 537 1554 582; x_wconf 88' lang='lat' dir='ltr'>putat</span> <span class='ocrx_word' id='word_1_59' title='bbox 1587 530 1736 581; x_wconf 76' lang='lat' dir='ltr'>dignos</span> <span class='ocrx_word' id='word_1_60' title='bbox 1757 546 1771 567; x_wconf 67' lang='grc' dir='ltr'>ε,</span> 
     </span>
    </p>
   </div>
   <div class='ocr_carea' id='block_1_6' title="bbox 108 600 1737 1569">
    <p class='ocr_par' dir='ltr' id='par_1_6' title="bbox 112 600 1737 863">
     <span class='ocr_line' id='line_1_9' title="bbox 113 600 1737 653; baseline -0.001 -12"><span class='ocrx_word' id='word_1_61' title='bbox 113 601 261 653; x_wconf 89' lang='lat' dir='ltr'>quibus</span> <span class='ocrx_word' id='word_1_62' title='bbox 302 603 510 648; x_wconf 75' lang='lat' dir='ltr'>irascatur,</span> <span class='ocrx_word' id='word_1_63' title='bbox 557 601 622 640; x_wconf 88' lang='lat' dir='ltr'>hic</span> <span class='ocrx_word' id='word_1_64' title='bbox 663 601 769 641; x_wconf 90' lang='lat' dir='ltr'>intra</span> <span class='ocrx_word' id='word_1_65' title='bbox 810 601 984 640; x_wconf 91' lang='lat' dir='ltr'>domurn</span> <span class='ocrx_word' id='word_1_66' title='bbox 1030 614 1178 639; x_wconf 91' lang='lat' dir='ltr'>saeuus</span> <span class='ocrx_word' id='word_1_67' title='bbox 1222 607 1305 647; x_wconf 88' lang='lat' dir='ltr'>est,</span> <span class='ocrx_word' id='word_1_68' title='bbox 1348 600 1445 639; x_wconf 84' lang='lat' dir='ltr'>foris</span> <span class='ocrx_word' id='word_1_69' title='bbox 1488 601 1605 639; x_wconf 83' lang='lat' dir='ltr'>mitis.</span> <span class='ocrx_word' id='word_1_70' title='bbox 1673 600 1737 639; x_wconf 88' lang='lat' dir='ltr'>ille</span> 
     </span>
     <span class='ocr_line' id='line_1_10' title="bbox 113 671 1737 724; baseline -0.001 -13"><span class='ocrx_word' id='word_1_71' title='bbox 113 672 249 724; x_wconf 83' lang='lat' dir='ltr'>rogari</span> <span class='ocrx_word' id='word_1_72' title='bbox 281 672 479 710; x_wconf 88' lang='lat' dir='ltr'>inuidiam</span> <span class='ocrx_word' id='word_1_73' title='bbox 513 672 682 719; x_wconf 84' lang='lat' dir='ltr'>iudicat,</span> <span class='ocrx_word' id='word_1_74' title='bbox 715 671 782 710; x_wconf 94' lang='lat' dir='ltr'>hic</span> <span class='ocrx_word' id='word_1_75' title='bbox 814 685 899 710; x_wconf 90' lang='lat' dir='ltr'>non</span> <span class='ocrx_word' id='word_1_76' title='bbox 931 673 1067 721; x_wconf 82' lang='lat' dir='ltr'>rogari</span> <span class='ocrx_word' id='word_1_77' title='bbox 1102 671 1410 710; x_wconf 88' lang='lat' dir='ltr'>contumeliam.</span> <span class='ocrx_word' id='word_1_78' title='bbox 1471 685 1555 710; x_wconf 92' lang='lat' dir='ltr'>non</span> <span class='ocrx_word' id='word_1_79' title='bbox 1589 684 1737 710; x_wconf 82' lang='lat' dir='ltr'>omnes</span> 
     </span>
     <span class='ocr_line' id='line_1_11' title="bbox 112 741 1732 794; baseline -0.001 -13"><span class='ocrx_word' id='word_1_80' title='bbox 112 741 185 783; x_wconf 70' lang='lat' dir='ltr'>ab,</span> <span class='ocrx_word' id='word_1_81' title='bbox 213 742 359 781; x_wconf 87' lang='lat' dir='ltr'>eadem</span> <span class='ocrx_word' id='word_1_82' title='bbox 402 749 521 794; x_wconf 88' lang='lat' dir='ltr'>parte</span> <span class='ocrx_word' id='word_1_83' title='bbox 562 741 771 781; x_wconf 89' lang='lat' dir='ltr'>feriuntur.</span> <span class='ocrx_word' id='word_1_84' title='bbox 832 741 934 780; x_wconf 90' lang='lat' dir='ltr'>scire</span> <span class='ocrx_word' id='word_1_85' title='bbox 976 741 1116 792; x_wconf 88' lang='lat' dir='ltr'>itaque</span> <span class='ocrx_word' id='word_1_86' title='bbox 1157 748 1342 793; x_wconf 84' lang='lat' dir='ltr'>oportet,</span> <span class='ocrx_word' id='word_1_87' title='bbox 1386 742 1485 792; x_wconf 90' lang='lat' dir='ltr'>quid</span> <span class='ocrx_word' id='word_1_88' title='bbox 1526 743 1566 780; x_wconf 90' lang='lat' dir='ltr'>in</span> <span class='ocrx_word' id='word_1_89' title='bbox 1603 750 1646 780; x_wconf 89' lang='lat' dir='ltr'>te</span> <span class='ocrx_word' id='word_1_90' title='bbox 1677 742 1732 779; x_wconf 71' lang='lat' dir='ltr'>in-</span> 
     </span>
     <span class='ocr_line' id='line_1_12' title="bbox 112 812 1010 863; baseline -0.001 -12"><span class='ocrx_word' id='word_1_91' title='bbox 112 813 303 852; x_wconf 89' lang='lat' dir='ltr'>becillum</span> <span class='ocrx_word' id='word_1_92' title='bbox 336 813 398 859; x_wconf 89' lang='lat' dir='ltr'>sit,</span> <span class='ocrx_word' id='word_1_93' title='bbox 433 820 475 851; x_wconf 90' lang='lat' dir='ltr'>ut</span> <span class='ocrx_word' id='word_1_94' title='bbox 506 812 547 851; x_wconf 91' lang='lat' dir='ltr'>id</span> <span class='ocrx_word' id='word_1_95' title='bbox 580 813 764 851; x_wconf 79' lang='lat' dir='ltr'>maxime</span> <span class='ocrx_word' id='word_1_96' title='bbox 797 819 1010 863; x_wconf 78' lang='lat' dir='ltr'>protegas.</span> 
     </span>
    </p>

    <p class='ocr_par' dir='ltr' id='par_1_7' title="bbox 108 881 1735 1569">
     <span class='ocr_line' id='line_1_13' title="bbox 230 881 1735 935; baseline -0.001 -14"><span class='ocrx_word' id='word_1_97' title='bbox 230 883 300 922; x_wconf 91' lang='lat' dir='ltr'>XI.</span> <span class='ocrx_word' id='word_1_98' title='bbox 354 883 451 921; x_wconf 88' lang='lat' dir='ltr'>Non</span> <span class='ocrx_word' id='word_1_99' title='bbox 494 883 667 935; x_wconf 88' lang='lat' dir='ltr'>expedit</span> <span class='ocrx_word' id='word_1_100' title='bbox 708 884 850 921; x_wconf 91' lang='lat' dir='ltr'>omnia</span> <span class='ocrx_word' id='word_1_101' title='bbox 881 883 1040 929; x_wconf 90' lang='lat' dir='ltr'>uidere,</span> <span class='ocrx_word' id='word_1_102' title='bbox 1083 882 1224 921; x_wconf 91' lang='lat' dir='ltr'>omnia</span> <span class='ocrx_word' id='word_1_103' title='bbox 1256 882 1409 921; x_wconf 88' lang='lat' dir='ltr'>audire.</span> <span class='ocrx_word' id='word_1_104' title='bbox 1472 881 1627 920; x_wconf 88' lang='lat' dir='ltr'>multae</span> <span class='ocrx_word' id='word_1_105' title='bbox 1659 895 1735 920; x_wconf 62' lang='lat' dir='ltr'>nos</span> 
     </span>
     <span class='ocr_line' id='line_1_14' title="bbox 112 952 1734 1004; baseline -0.001 -12"><span class='ocrx_word' id='word_1_106' title='bbox 112 954 278 993; x_wconf 86' lang='lat' dir='ltr'>iniuriae</span> <span class='ocrx_word' id='word_1_107' title='bbox 319 959 553 1000; x_wconf 86' lang='lat' dir='ltr'>transeant,</span> <span class='ocrx_word' id='word_1_108' title='bbox 595 966 651 992; x_wconf 85' lang='lat' dir='ltr'>ex</span> <span class='ocrx_word' id='word_1_109' title='bbox 693 953 841 1004; x_wconf 91' lang='lat' dir='ltr'>quibus</span> <span class='ocrx_word' id='word_1_110' title='bbox 882 952 1103 1004; x_wconf 88' lang='lat' dir='ltr'>plerasque</span> <span class='ocrx_word' id='word_1_111' title='bbox 1145 966 1230 992; x_wconf 90' lang='lat' dir='ltr'>non</span> <span class='ocrx_word' id='word_1_112' title='bbox 1283 953 1430 1004; x_wconf 89' lang='lat' dir='ltr'>accipit</span> <span class='ocrx_word' id='word_1_113' title='bbox 1483 953 1551 1003; x_wconf 91' lang='lat' dir='ltr'>qui</span> <span class='ocrx_word' id='word_1_114' title='bbox 1593 954 1734 991; x_wconf 76' lang='lat' dir='ltr'>nescit.</span> 
     </span>
     <span class='ocr_line' id='line_1_15' title="bbox 110 1022 1735 1074; baseline -0.002 -11"><span class='ocrx_word' id='word_1_115' title='bbox 110 1037 195 1063; x_wconf 91' lang='lat' dir='ltr'>non</span> <span class='ocrx_word' id='word_1_116' title='bbox 237 1024 296 1062; x_wconf 89' lang='lat' dir='ltr'>uis</span> <span class='ocrx_word' id='word_1_117' title='bbox 340 1037 431 1062; x_wconf 91' lang='lat' dir='ltr'>esse</span> <span class='ocrx_word' id='word_1_118' title='bbox 472 1024 718 1062; x_wconf 79' lang='lat' dir='ltr'>iracundus?</span> <span class='ocrx_word' id='word_1_119' title='bbox 762 1037 814 1062; x_wconf 91' lang='lat' dir='ltr'>ne</span> <span class='ocrx_word' id='word_1_120' title='bbox 846 1022 968 1062; x_wconf 90' lang='lat' dir='ltr'>fueris</span> <span class='ocrx_word' id='word_1_121' title='bbox 1011 1025 1206 1063; x_wconf 86' lang='lat' dir='ltr'>curiosus.</span> <span class='ocrx_word' id='word_1_122' title='bbox 1268 1023 1337 1074; x_wconf 88' lang='lat' dir='ltr'>qui</span> <span class='ocrx_word' id='word_1_123' title='bbox 1370 1023 1533 1074; x_wconf 87' lang='lat' dir='ltr'>inquirit</span> <span class='ocrx_word' id='word_1_124' title='bbox 1565 1022 1665 1073; x_wconf 91' lang='lat' dir='ltr'>quid</span> <span class='ocrx_word' id='word_1_125' title='bbox 1696 1022 1735 1060; x_wconf 88' lang='lat' dir='ltr'>in</span> 
     </span>
     <span class='ocr_line' id='line_1_16' title="bbox 111 1093 1735 1146; baseline -0.001 -13"><span class='ocrx_word' id='word_1_126' title='bbox 111 1108 155 1134; x_wconf 90' lang='lat' dir='ltr'>se</span> <span class='ocrx_word' id='word_1_127' title='bbox 187 1096 345 1134; x_wconf 89' lang='lat' dir='ltr'>dictum</span> <span class='ocrx_word' id='word_1_128' title='bbox 379 1094 442 1141; x_wconf 86' lang='lat' dir='ltr'>sit,</span> <span class='ocrx_word' id='word_1_129' title='bbox 473 1095 541 1146; x_wconf 88' lang='lat' dir='ltr'>qui</span> <span class='ocrx_word' id='word_1_130' title='bbox 573 1094 779 1145; x_wconf 78' lang='lat' dir='ltr'>malignos</span> <span class='ocrx_word' id='word_1_131' title='bbox 811 1107 1038 1141; x_wconf 81' lang='lat' dir='ltr'>sermones,</span> <span class='ocrx_word' id='word_1_132' title='bbox 1080 1094 1241 1133; x_wconf 87' lang='lat' dir='ltr'>etiamsi</span> <span class='ocrx_word' id='word_1_133' title='bbox 1273 1101 1435 1132; x_wconf 83' lang='lat' dir='ltr'>secreto</span> <span class='ocrx_word' id='word_1_134' title='bbox 1468 1093 1598 1132; x_wconf 91' lang='lat' dir='ltr'>habiti</span> <span class='ocrx_word' id='word_1_135' title='bbox 1629 1101 1735 1139; x_wconf 81' lang='lat' dir='ltr'>sunt,</span> 
     </span>
     <span class='ocr_line' id='line_1_17' title="bbox 111 1165 1734 1216; baseline -0.001 -12"><span class='ocrx_word' id='word_1_136' title='bbox 111 1165 234 1213; x_wconf 88' lang='lat' dir='ltr'>eruit,</span> <span class='ocrx_word' id='word_1_137' title='bbox 277 1179 322 1204; x_wconf 92' lang='lat' dir='ltr'>se</span> <span class='ocrx_word' id='word_1_138' title='bbox 364 1165 451 1216; x_wconf 83' lang='lat' dir='ltr'>ipse</span> <span class='ocrx_word' id='word_1_139' title='bbox 493 1165 704 1216; x_wconf 90' lang='lat' dir='ltr'>inquietat.</span> <span class='ocrx_word' id='word_1_140' title='bbox 767 1165 975 1216; x_wconf 83' lang='lat' dir='ltr'>quaedam</span> <span class='ocrx_word' id='word_1_141' title='bbox 1018 1165 1304 1215; x_wconf 85' lang='lat' dir='ltr'>interpretatio</span> <span class='ocrx_word' id='word_1_142' title='bbox 1348 1177 1398 1202; x_wconf 94' lang='lat' dir='ltr'>eo</span> <span class='ocrx_word' id='word_1_143' title='bbox 1436 1165 1648 1216; x_wconf 78' lang='lat' dir='ltr'>perducit,</span> <span class='ocrx_word' id='word_1_144' title='bbox 1690 1170 1734 1201; x_wconf 90' lang='lat' dir='ltr'>ut</span> 
     </span>
     <span class='ocr_line' id='line_1_18' title="bbox 109 1233 1735 1285; baseline -0.001 -11"><span class='ocrx_word' id='word_1_145' title='bbox 109 1236 327 1275; x_wconf 85' lang='lat' dir='ltr'>uideantur</span> <span class='ocrx_word' id='word_1_146' title='bbox 358 1235 534 1274; x_wconf 89' lang='lat' dir='ltr'>iniuriae.</span> <span class='ocrx_word' id='word_1_147' title='bbox 585 1235 724 1285; x_wconf 92' lang='lat' dir='ltr'>itaque</span> <span class='ocrx_word' id='word_1_148' title='bbox 756 1234 834 1273; x_wconf 90' lang='lat' dir='ltr'>alia</span> <span class='ocrx_word' id='word_1_149' title='bbox 865 1233 1098 1273; x_wconf 85' lang='lat' dir='ltr'>differenda</span> <span class='ocrx_word' id='word_1_150' title='bbox 1130 1241 1242 1281; x_wconf 86' lang='lat' dir='ltr'>sunt,</span> <span class='ocrx_word' id='word_1_151' title='bbox 1276 1234 1354 1273; x_wconf 83' lang='lat' dir='ltr'>alia</span> <span class='ocrx_word' id='word_1_152' title='bbox 1387 1234 1624 1281; x_wconf 87' lang='lat' dir='ltr'>deridenda,</span> <span class='ocrx_word' id='word_1_153' title='bbox 1658 1233 1735 1272; x_wconf 85' lang='lat' dir='ltr'>alia</span> 
     </span>
     <span class='ocr_line' id='line_1_19' title="bbox 109 1304 1733 1356; baseline -0.002 -11"><span class='ocrx_word' id='word_1_154' title='bbox 109 1307 319 1345; x_wconf 89' lang='lat' dir='ltr'>donanda.</span> <span class='ocrx_word' id='word_1_155' title='bbox 401 1305 777 1344; x_wconf 88' lang='lat' dir='ltr'>circumscribenda</span> <span class='ocrx_word' id='word_1_156' title='bbox 819 1304 958 1343; x_wconf 84' lang='lat' dir='ltr'>multis</span> <span class='ocrx_word' id='word_1_157' title='bbox 1001 1305 1138 1343; x_wconf 90' lang='lat' dir='ltr'>modis</span> <span class='ocrx_word' id='word_1_158' title='bbox 1191 1306 1249 1343; x_wconf 89' lang='lat' dir='ltr'>ira</span> <span class='ocrx_word' id='word_1_159' title='bbox 1300 1312 1373 1345; x_wconf 89' lang='lat' dir='ltr'>est.</span> <span class='ocrx_word' id='word_1_160' title='bbox 1456 1304 1653 1356; x_wconf 85' lang='lat' dir='ltr'>pleraque</span> <span class='ocrx_word' id='word_1_161' title='bbox 1695 1305 1733 1342; x_wconf 93' lang='lat' dir='ltr'>in</span> 
     </span>
     <span class='ocr_line' id='line_1_20' title="bbox 108 1372 1732 1428; baseline -0.002 -12"><span class='ocrx_word' id='word_1_162' title='bbox 108 1377 242 1416; x_wconf 89' lang='lat' dir='ltr'>lusum</span> <span class='ocrx_word' id='word_1_163' title='bbox 285 1372 505 1428; x_wconf 83' lang='lat' dir='ltr'>iocumque</span> <span class='ocrx_word' id='word_1_164' title='bbox 550 1382 771 1414; x_wconf 88' lang='lat' dir='ltr'>uertantur.</span> <span class='ocrx_word' id='word_1_165' title='bbox 851 1374 1069 1415; x_wconf 81' lang='lat' dir='ltr'>Socratem</span> <span class='ocrx_word' id='word_1_166' title='bbox 1112 1376 1225 1414; x_wconf 89' lang='lat' dir='ltr'>aiunt</span> <span class='ocrx_word' id='word_1_167' title='bbox 1267 1375 1447 1427; x_wconf 89' lang='lat' dir='ltr'>colapho</span> <span class='ocrx_word' id='word_1_168' title='bbox 1492 1389 1732 1428; x_wconf 80' lang='lat' dir='ltr'>percussum</span> 
     </span>
     <span class='ocr_line' id='line_1_21' title="bbox 108 1445 1732 1498; baseline 0 -12"><span class='ocrx_word' id='word_1_169' title='bbox 108 1447 205 1486; x_wconf 82' lang='lat' dir='ltr'>nihil</span> <span class='ocrx_word' id='word_1_170' title='bbox 237 1447 410 1498; x_wconf 87' lang='lat' dir='ltr'>amplius</span> <span class='ocrx_word' id='word_1_171' title='bbox 435 1447 588 1486; x_wconf 80' lang='lat' dir='ltr'>dixisse</span> <span class='ocrx_word' id='word_1_172' title='bbox 619 1459 744 1498; x_wconf 85' lang='lat' dir='ltr'>quam</span> <span class='ocrx_word' id='word_1_173' title='bbox 769 1445 994 1485; x_wconf 87' lang='lat' dir='ltr'>molestum</span> <span class='ocrx_word' id='word_1_174' title='bbox 1027 1459 1130 1493; x_wconf 84' lang='lat' dir='ltr'>esse,</span> <span class='ocrx_word' id='word_1_175' title='bbox 1162 1447 1278 1497; x_wconf 93' lang='lat' dir='ltr'>quod</span> <span class='ocrx_word' id='word_1_176' title='bbox 1307 1448 1509 1485; x_wconf 85' lang='lat' dir='ltr'>nescirent</span> <span class='ocrx_word' id='word_1_177' title='bbox 1531 1445 1732 1486; x_wconf 69' lang='lat' dir='ltr'>homines.</span> 
     </span>
     <span class='ocr_line' id='line_1_22' title="bbox 108 1516 1732 1569; baseline -0.002 -12"><span class='ocrx_word' id='word_1_178' title='bbox 108 1519 278 1569; x_wconf 90' lang='lat' dir='ltr'>quando</span> <span class='ocrx_word' id='word_1_179' title='bbox 321 1531 415 1557; x_wconf 92' lang='lat' dir='ltr'>cum</span> <span class='ocrx_word' id='word_1_180' title='bbox 457 1517 577 1569; x_wconf 81' lang='lat' dir='ltr'>galea</span> <span class='ocrx_word' id='word_1_181' title='bbox 618 1517 783 1568; x_wconf 91' lang='lat' dir='ltr'>prodire</span> <span class='ocrx_word' id='word_1_182' title='bbox 826 1516 1042 1556; x_wconf 91' lang='lat' dir='ltr'>deberent.</span> <span class='ocrx_word' id='word_1_183' title='bbox 1105 1530 1189 1555; x_wconf 90' lang='lat' dir='ltr'>non</span> <span class='ocrx_word' id='word_1_184' title='bbox 1231 1518 1591 1569; x_wconf 87' lang='lat' dir='ltr'>quemadmodum</span> <span class='ocrx_word' id='word_1_185' title='bbox 1625 1516 1732 1555; x_wconf 79' lang='lat' dir='ltr'>facta</span> 
     </span>
    </p>
   </div>
   <div class='ocr_carea' id='block_1_7' title="bbox 1760 1249 1787 1272">
    <p class='ocr_par' dir='ltr' id='par_1_8' title="bbox 1760 1249 1787 1272">
     <span class='ocr_line' id='line_1_23' title="bbox 1760 1249 1787 1272; baseline 0.037 -1"><span class='ocrx_word' id='word_1_186' title='bbox 1760 1249 1787 1272; x_wconf 69' lang='lat'>15</span> 
     </span>
    </p>
   </div>
   <div class='ocr_carea' id='block_1_8' title="bbox 106 1585 1784 1639">
    <p class='ocr_par' dir='ltr' id='par_1_9' title="bbox 106 1585 1784 1639">
     <span class='ocr_line' id='line_1_24' title="bbox 106 1585 1784 1639; baseline -0.002 -12"><span class='ocrx_word' id='word_1_187' title='bbox 106 1590 158 1627; x_wconf 90' lang='lat' dir='ltr'>sit</span> <span class='ocrx_word' id='word_1_188' title='bbox 188 1588 330 1626; x_wconf 84' lang='lat' dir='ltr'>iniuria</span> <span class='ocrx_word' id='word_1_189' title='bbox 361 1587 502 1634; x_wconf 85' lang='lat' dir='ltr'>refert,</span> <span class='ocrx_word' id='word_1_190' title='bbox 534 1588 610 1626; x_wconf 85' lang='lat' dir='ltr'>sed</span> <span class='ocrx_word' id='word_1_191' title='bbox 642 1587 1005 1638; x_wconf 90' lang='lat' dir='ltr'>quemadmodum</span> <span class='ocrx_word' id='word_1_192' title='bbox 1044 1587 1138 1627; x_wconf 88' lang='lat' dir='ltr'>lata.</span> <span class='ocrx_word' id='word_1_193' title='bbox 1202 1601 1278 1626; x_wconf 91' lang='lat' dir='ltr'>nec</span> <span class='ocrx_word' id='word_1_194' title='bbox 1311 1588 1434 1627; x_wconf 90' lang='lat' dir='ltr'>uideo</span> <span class='ocrx_word' id='word_1_195' title='bbox 1467 1601 1595 1639; x_wconf 90' lang='lat' dir='ltr'>quare</span> <span class='ocrx_word' id='word_1_196' title='bbox 1629 1585 1727 1625; x_wconf 84' lang='lat' dir='ltr'>diffi-</span> <span class='ocrx_word' id='word_1_197' title='bbox 1753 1601 1784 1623; x_wconf 57' lang='grc' dir='ltr'>’.ω</span> 
     </span>
    </p>
   </div>
   <div class='ocr_carea' id='block_1_9' title="bbox 105 1658 1733 1912">
    <p class='ocr_par' dir='ltr' id='par_1_10' title="bbox 105 1658 1733 1912">
     <span class='ocr_line' id='line_1_25' title="bbox 106 1658 1731 1710; baseline -0.002 -12"><span class='ocrx_word' id='word_1_198' title='bbox 106 1658 190 1698; x_wconf 89' lang='lat' dir='ltr'>cilis</span> <span class='ocrx_word' id='word_1_199' title='bbox 231 1659 282 1697; x_wconf 94' lang='lat' dir='ltr'>sit</span> <span class='ocrx_word' id='word_1_200' title='bbox 324 1658 579 1705; x_wconf 87' lang='lat' dir='ltr'>moderatio,</span> <span class='ocrx_word' id='word_1_201' title='bbox 621 1671 715 1696; x_wconf 90' lang='lat' dir='ltr'>cum</span> <span class='ocrx_word' id='word_1_202' title='bbox 767 1659 894 1696; x_wconf 87' lang='lat' dir='ltr'>sciam</span> <span class='ocrx_word' id='word_1_203' title='bbox 947 1664 1220 1708; x_wconf 78' lang='lat' dir='ltr'>tyrannorum</span> <span class='ocrx_word' id='word_1_204' title='bbox 1264 1672 1431 1710; x_wconf 88' lang='lat' dir='ltr'>quoque</span> <span class='ocrx_word' id='word_1_205' title='bbox 1482 1658 1644 1697; x_wconf 88' lang='lat' dir='ltr'>tumida</span> <span class='ocrx_word' id='word_1_206' title='bbox 1691 1664 1731 1695; x_wconf 95' lang='lat' dir='ltr'>et</span> 
     </span>
     <span class='ocr_line' id='line_1_26' title="bbox 106 1727 1731 1780; baseline -0.002 -12"><span class='ocrx_word' id='word_1_207' title='bbox 106 1729 270 1768; x_wconf 82' lang='lat' dir='ltr'>fortuna</span> <span class='ocrx_word' id='word_1_208' title='bbox 323 1736 364 1768; x_wconf 91' lang='lat' dir='ltr'>et</span> <span class='ocrx_word' id='word_1_209' title='bbox 405 1728 568 1767; x_wconf 89' lang='lat' dir='ltr'>licentia</span> <span class='ocrx_word' id='word_1_210' title='bbox 610 1728 772 1779; x_wconf 81' lang='lat' dir='ltr'>ingenia</span> <span class='ocrx_word' id='word_1_211' title='bbox 814 1727 1058 1767; x_wconf 87' lang='lat' dir='ltr'>familiarem</span> <span class='ocrx_word' id='word_1_212' title='bbox 1101 1728 1176 1767; x_wconf 87' lang='lat' dir='ltr'>sibi</span> <span class='ocrx_word' id='word_1_213' title='bbox 1219 1729 1433 1768; x_wconf 87' lang='lat' dir='ltr'>saeuitiam</span> <span class='ocrx_word' id='word_1_214' title='bbox 1477 1728 1731 1780; x_wconf 80' lang='lat' dir='ltr'>repressisse.</span> 
     </span>
     <span class='ocr_line' id='line_1_27' title="bbox 106 1798 1733 1851; baseline -0.001 -13"><span class='ocrx_word' id='word_1_215' title='bbox 106 1799 364 1838; x_wconf 86' lang='lat' dir='ltr'>Pisistratum</span> <span class='ocrx_word' id='word_1_216' title='bbox 407 1805 540 1846; x_wconf 90' lang='lat' dir='ltr'>certe,</span> <span class='ocrx_word' id='word_1_217' title='bbox 590 1798 911 1838; x_wconf 85' lang='lat' dir='ltr'>Atheniensium</span> <span class='ocrx_word' id='word_1_218' title='bbox 954 1804 1201 1849; x_wconf 88' lang='lat' dir='ltr'>tyrannum,</span> <span class='ocrx_word' id='word_1_219' title='bbox 1244 1799 1483 1838; x_wconf 57' lang='lat' dir='ltr'>‘memoriae</span> <span class='ocrx_word' id='word_1_220' title='bbox 1533 1799 1733 1851; x_wconf 85' lang='lat' dir='ltr'>proditur,</span> 
     </span>
     <span class='ocr_line' id='line_1_28' title="bbox 105 1868 1732 1912; baseline -0.001 -4"><span class='ocrx_word' id='word_1_221' title='bbox 105 1883 200 1908; x_wconf 89' lang='lat' dir='ltr'>cum</span> <span class='ocrx_word' id='word_1_222' title='bbox 233 1869 363 1908; x_wconf 87' lang='lat' dir='ltr'>multa</span> <span class='ocrx_word' id='word_1_223' title='bbox 394 1869 433 1907; x_wconf 89' lang='lat' dir='ltr'>in</span> <span class='ocrx_word' id='word_1_224' title='bbox 456 1869 741 1908; x_wconf 90' lang='lat' dir='ltr'>crudelitatem</span> <span class='ocrx_word' id='word_1_225' title='bbox 765 1869 850 1907; x_wconf 90' lang='lat' dir='ltr'>eius</span> <span class='ocrx_word' id='word_1_226' title='bbox 874 1868 1011 1907; x_wconf 92' lang='lat' dir='ltr'>ebrius</span> <span class='ocrx_word' id='word_1_227' title='bbox 1034 1869 1210 1912; x_wconf 90' lang='lat' dir='ltr'>conuiua</span> <span class='ocrx_word' id='word_1_228' title='bbox 1232 1870 1407 1908; x_wconf 81' lang='lat' dir='ltr'>dixisset</span> <span class='ocrx_word' id='word_1_229' title='bbox 1439 1882 1515 1908; x_wconf 91' lang='lat' dir='ltr'>nec</span> <span class='ocrx_word' id='word_1_230' title='bbox 1538 1870 1732 1907; x_wconf 89' lang='lat' dir='ltr'>deessent</span> 
     </span>
    </p>
   </div>
   <div class='ocr_carea' id='block_1_10' title="bbox 105 1938 1732 1991">
    <p class='ocr_par' dir='ltr' id='par_1_11' title="bbox 105 1938 1784 1991">
     <span class='ocr_line' id='line_1_29' title="bbox 105 1938 1732 1991; baseline -0.002 -13"><span class='ocrx_word' id='word_1_231' title='bbox 105 1940 174 1991; x_wconf 90' lang='lat' dir='ltr'>qui</span> <span class='ocrx_word' id='word_1_232' title='bbox 216 1940 370 1979; x_wconf 82' lang='lat' dir='ltr'>uellent</span> <span class='ocrx_word' id='word_1_233' title='bbox 413 1953 559 1978; x_wconf 90' lang='lat' dir='ltr'>manus</span> <span class='ocrx_word' id='word_1_234' title='bbox 602 1940 638 1978; x_wconf 91' lang='lat' dir='ltr'>ei</span> <span class='ocrx_word' id='word_1_235' title='bbox 671 1940 945 1978; x_wconf 90' lang='lat' dir='ltr'>commodare</span> <span class='ocrx_word' id='word_1_236' title='bbox 978 1948 1019 1979; x_wconf 90' lang='lat' dir='ltr'>et</span> <span class='ocrx_word' id='word_1_237' title='bbox 1052 1939 1152 1978; x_wconf 83' lang='lat' dir='ltr'>alius</span> <span class='ocrx_word' id='word_1_238' title='bbox 1185 1939 1296 1987; x_wconf 90' lang='lat' dir='ltr'>hinc,</span> <span class='ocrx_word' id='word_1_239' title='bbox 1340 1939 1441 1979; x_wconf 89' lang='lat' dir='ltr'>alius</span> <span class='ocrx_word' id='word_1_240' title='bbox 1482 1939 1591 1978; x_wconf 88' lang='lat' dir='ltr'>illinc</span> <span class='ocrx_word' id='word_1_241' title='bbox 1623 1938 1732 1977; x_wconf 82' lang='lat' dir='ltr'>faces</span> 
     </span>
    </p>
   </div>
   <div class='ocr_carea' id='block_1_11' title="bbox 105 2009 1733 2556">
    <p class='ocr_par' dir='ltr' id='par_1_12' title="bbox 105 2009 1733 2190">
     <span class='ocr_line' id='line_1_30' title="bbox 105 2009 1732 2062; baseline 0 -13"><span class='ocrx_word' id='word_1_242' title='bbox 105 2010 352 2057; x_wconf 90' lang='lat' dir='ltr'>subderent,</span> <span class='ocrx_word' id='word_1_243' title='bbox 395 2009 562 2062; x_wconf 90' lang='lat' dir='ltr'>placido</span> <span class='ocrx_word' id='word_1_244' title='bbox 604 2012 744 2049; x_wconf 89' lang='lat' dir='ltr'>animo</span> <span class='ocrx_word' id='word_1_245' title='bbox 786 2009 926 2049; x_wconf 88' lang='lat' dir='ltr'>tulisse</span> <span class='ocrx_word' id='word_1_246' title='bbox 970 2016 1012 2048; x_wconf 92' lang='lat' dir='ltr'>et</span> <span class='ocrx_word' id='word_1_247' title='bbox 1043 2010 1125 2049; x_wconf 91' lang='lat' dir='ltr'>hoc</span> <span class='ocrx_word' id='word_1_248' title='bbox 1164 2010 1424 2049; x_wconf 88' lang='lat' dir='ltr'>inritantibus</span> <span class='ocrx_word' id='word_1_249' title='bbox 1457 2011 1732 2061; x_wconf 88' lang='lat' dir='ltr'>respondisse,</span> 
     </span>
     <span class='ocr_line' id='line_1_31' title="bbox 106 2080 1733 2132; baseline 0 -13"><span class='ocrx_word' id='word_1_250' title='bbox 106 2093 190 2119; x_wconf 88' lang='lat' dir='ltr'>non</span> <span class='ocrx_word' id='word_1_251' title='bbox 232 2081 365 2132; x_wconf 82' lang='lat' dir='ltr'>magis</span> <span class='ocrx_word' id='word_1_252' title='bbox 407 2080 462 2119; x_wconf 89' lang='lat' dir='ltr'>illi</span> <span class='ocrx_word' id='word_1_253' title='bbox 503 2094 547 2119; x_wconf 90' lang='lat' dir='ltr'>se</span> <span class='ocrx_word' id='word_1_254' title='bbox 589 2094 829 2119; x_wconf 87' lang='lat' dir='ltr'>suscensere</span> <span class='ocrx_word' id='word_1_255' title='bbox 871 2094 997 2132; x_wconf 89' lang='lat' dir='ltr'>quam</span> <span class='ocrx_word' id='word_1_256' title='bbox 1030 2081 1062 2119; x_wconf 92' lang='lat' dir='ltr'>si</span> <span class='ocrx_word' id='word_1_257' title='bbox 1096 2081 1185 2132; x_wconf 86' lang='lat' dir='ltr'>quis</span> <span class='ocrx_word' id='word_1_258' title='bbox 1224 2081 1418 2132; x_wconf 86' lang='lat' dir='ltr'>obligatis</span> <span class='ocrx_word' id='word_1_259' title='bbox 1458 2081 1585 2120; x_wconf 90' lang='lat' dir='ltr'>oculis</span> <span class='ocrx_word' id='word_1_260' title='bbox 1618 2081 1657 2119; x_wconf 89' lang='lat' dir='ltr'>in</span> <span class='ocrx_word' id='word_1_261' title='bbox 1689 2094 1733 2119; x_wconf 81' lang='lat' dir='ltr'>se</span> 
     </span>
     <span class='ocr_line' id='line_1_32' title="bbox 106 2153 350 2190; baseline 0 0"><span class='ocrx_word' id='word_1_262' title='bbox 106 2153 350 2190; x_wconf 87' lang='lat' dir='ltr'>incurrisset.</span> 
     </span>
    </p>

    <p class='ocr_par' dir='ltr' id='par_1_13' title="bbox 106 2220 1733 2556">
     <span class='ocr_line' id='line_1_33' title="bbox 225 2220 1732 2274; baseline -0.001 -14"><span class='ocrx_word' id='word_1_263' title='bbox 225 2221 313 2260; x_wconf 88' lang='lat' dir='ltr'>XII.</span> <span class='ocrx_word' id='word_1_264' title='bbox 367 2221 524 2273; x_wconf 83' lang='lat' dir='ltr'>Magna</span> <span class='ocrx_word' id='word_1_265' title='bbox 565 2234 660 2272; x_wconf 90' lang='lat' dir='ltr'>pars</span> <span class='ocrx_word' id='word_1_266' title='bbox 692 2221 894 2272; x_wconf 87' lang='lat' dir='ltr'>querellas</span> <span class='ocrx_word' id='word_1_267' title='bbox 938 2234 1063 2260; x_wconf 88' lang='lat' dir='ltr'>manu</span> <span class='ocrx_word' id='word_1_268' title='bbox 1106 2220 1201 2261; x_wconf 91' lang='lat' dir='ltr'>fecit</span> <span class='ocrx_word' id='word_1_269' title='bbox 1240 2230 1310 2260; x_wconf 84' lang='lat' dir='ltr'>aut</span> <span class='ocrx_word' id='word_1_270' title='bbox 1348 2221 1450 2261; x_wconf 88' lang='lat' dir='ltr'>falsa</span> <span class='ocrx_word' id='word_1_271' title='bbox 1481 2222 1732 2274; x_wconf 82' lang='lat' dir='ltr'>suspicando</span> 
     </span>
     <span class='ocr_line' id='line_1_34' title="bbox 107 2292 1731 2344; baseline 0 -13"><span class='ocrx_word' id='word_1_272' title='bbox 107 2300 178 2332; x_wconf 89' lang='lat' dir='ltr'>aut</span> <span class='ocrx_word' id='word_1_273' title='bbox 220 2292 326 2331; x_wconf 90' lang='lat' dir='ltr'>leuia</span> <span class='ocrx_word' id='word_1_274' title='bbox 367 2292 650 2343; x_wconf 85' lang='lat' dir='ltr'>adgrauando.</span> <span class='ocrx_word' id='word_1_275' title='bbox 712 2304 838 2342; x_wconf 87' lang='lat' dir='ltr'>saepe</span> <span class='ocrx_word' id='word_1_276' title='bbox 880 2293 933 2330; x_wconf 88' lang='lat' dir='ltr'>ad</span> <span class='ocrx_word' id='word_1_277' title='bbox 977 2305 1054 2331; x_wconf 92' lang='lat' dir='ltr'>nos</span> <span class='ocrx_word' id='word_1_278' title='bbox 1093 2292 1150 2330; x_wconf 91' lang='lat' dir='ltr'>ira</span> <span class='ocrx_word' id='word_1_279' title='bbox 1182 2292 1314 2339; x_wconf 86' lang='lat' dir='ltr'>uenit,</span> <span class='ocrx_word' id='word_1_280' title='bbox 1357 2294 1520 2344; x_wconf 83' lang='lat' dir='ltr'>saepius</span> <span class='ocrx_word' id='word_1_281' title='bbox 1563 2306 1639 2338; x_wconf 84' lang='lat' dir='ltr'>nos</span> <span class='ocrx_word' id='word_1_282' title='bbox 1678 2293 1731 2331; x_wconf 88' lang='lat' dir='ltr'>ad</span> 
     </span>
     <span class='ocr_line' id='line_1_35' title="bbox 106 2362 1732 2414; baseline 0 -12"><span class='ocrx_word' id='word_1_283' title='bbox 106 2363 227 2402; x_wconf 90' lang='lat' dir='ltr'>illam.</span> <span class='ocrx_word' id='word_1_284' title='bbox 270 2376 377 2414; x_wconf 90' lang='lat' dir='ltr'>quae</span> <span class='ocrx_word' id='word_1_285' title='bbox 412 2375 640 2414; x_wconf 90' lang='lat' dir='ltr'>numquam</span> <span class='ocrx_word' id='word_1_286' title='bbox 663 2362 912 2401; x_wconf 89' lang='lat' dir='ltr'>arcessenda</span> <span class='ocrx_word' id='word_1_287' title='bbox 944 2369 1018 2401; x_wconf 88' lang='lat' dir='ltr'>est.</span> <span class='ocrx_word' id='word_1_288' title='bbox 1061 2362 1186 2401; x_wconf 86' lang='lat' dir='ltr'>etiam</span> <span class='ocrx_word' id='word_1_289' title='bbox 1220 2375 1314 2401; x_wconf 91' lang='lat' dir='ltr'>cum</span> <span class='ocrx_word' id='word_1_290' title='bbox 1348 2363 1500 2410; x_wconf 89' lang='lat' dir='ltr'>incidit,</span> <span class='ocrx_word' id='word_1_291' title='bbox 1533 2364 1732 2403; x_wconf 86' lang='lat' dir='ltr'>reiciatur.</span> 
     </span>
     <span class='ocr_line' id='line_1_36' title="bbox 107 2431 1733 2484; baseline 0 -12"><span class='ocrx_word' id='word_1_292' title='bbox 107 2446 232 2472; x_wconf 90' lang='lat' dir='ltr'>nemo</span> <span class='ocrx_word' id='word_1_293' title='bbox 265 2434 363 2472; x_wconf 92' lang='lat' dir='ltr'>dicit</span> <span class='ocrx_word' id='word_1_294' title='bbox 403 2432 504 2472; x_wconf 85' lang='lat' dir='ltr'>sibi:</span> <span class='ocrx_word' id='word_1_295' title='bbox 551 2433 633 2471; x_wconf 89' lang='lat' dir='ltr'>hoc</span> <span class='ocrx_word' id='word_1_296' title='bbox 670 2438 843 2484; x_wconf 86' lang='lat' dir='ltr'>propter</span> <span class='ocrx_word' id='word_1_297' title='bbox 885 2433 1000 2483; x_wconf 87' lang='lat' dir='ltr'>quod</span> <span class='ocrx_word' id='word_1_298' title='bbox 1042 2432 1196 2471; x_wconf 87' lang='lat' dir='ltr'>irascor</span> <span class='ocrx_word' id='word_1_299' title='bbox 1247 2439 1318 2471; x_wconf 87' lang='lat' dir='ltr'>aut</span> <span class='ocrx_word' id='word_1_300' title='bbox 1360 2431 1435 2472; x_wconf 87' lang='lat' dir='ltr'>feci</span> <span class='ocrx_word' id='word_1_301' title='bbox 1476 2441 1547 2473; x_wconf 92' lang='lat' dir='ltr'>aut</span> <span class='ocrx_word' id='word_1_302' title='bbox 1590 2433 1733 2473; x_wconf 86' lang='lat' dir='ltr'>secisse</span> 
     </span>
     <span class='ocr_line' id='line_1_37' title="bbox 107 2502 1732 2556; baseline -0.001 -13"><span class='ocrx_word' id='word_1_303' title='bbox 107 2504 225 2556; x_wconf 88' lang='lat' dir='ltr'>potui</span> <span class='ocrx_word' id='word_1_304' title='bbox 298 2517 423 2542; x_wconf 90' lang='lat' dir='ltr'>nemo</span> <span class='ocrx_word' id='word_1_305' title='bbox 457 2503 641 2542; x_wconf 89' lang='lat' dir='ltr'>animum</span> <span class='ocrx_word' id='word_1_306' title='bbox 675 2502 871 2550; x_wconf 76' lang='lat' dir='ltr'>facientis,</span> <span class='ocrx_word' id='word_1_307' title='bbox 903 2503 978 2541; x_wconf 92' lang='lat' dir='ltr'>sed</span> <span class='ocrx_word' id='word_1_308' title='bbox 1011 2504 1146 2555; x_wconf 84' lang='lat' dir='ltr'>ipsum</span> <span class='ocrx_word' id='word_1_309' title='bbox 1177 2504 1369 2542; x_wconf 86' lang='lat' dir='ltr'>aestimat</span> <span class='ocrx_word' id='word_1_310' title='bbox 1401 2502 1577 2543; x_wconf 86' lang='lat' dir='ltr'>sactum:</span> <span class='ocrx_word' id='word_1_311' title='bbox 1621 2505 1732 2556; x_wconf 88' lang='lat' dir='ltr'>atqui</span> 
     </span>
    </p>
   </div>
   <div class='ocr_carea' id='block_1_12' title="bbox 108 2677 1731 2840">
    <p class='ocr_par' dir='ltr' id='par_1_14' title="bbox 108 2677 1731 2840">
     <span class='ocr_line' id='line_1_38' title="bbox 108 2677 1595 2721; baseline 0.002 -12"><span class='ocrx_word' id='word_1_312' title='bbox 108 2680 128 2712; x_wconf 71' lang='lat'><strong>3</strong></span> <span class='ocrx_word' id='word_1_313' title='bbox 156 2679 350 2710; x_wconf 81' lang='lat' dir='ltr'>contumelie</span> <span class='ocrx_word' id='word_1_314' title='bbox 376 2679 406 2718; x_wconf 89' lang='lat' dir='ltr'>(e</span> <span class='ocrx_word' id='word_1_315' title='bbox 431 2678 465 2710; x_wconf 77' lang='lat' dir='ltr'>in</span> <span class='ocrx_word' id='word_1_316' title='bbox 493 2678 582 2719; x_wconf 78' lang='lat' dir='ltr'>ras.)</span> <span class='ocrx_word' id='word_1_317' title='bbox 720 2678 739 2706; x_wconf 80' lang='grc' dir='ltr'>(ἱ</span> <span class='ocrx_word' id='word_1_318' title='bbox 767 2677 845 2707; x_wconf 61' lang='lat' dir='ltr'>foris</span> <span class='ocrx_word' id='word_1_319' title='bbox 872 2688 900 2714; x_wconf 56' lang='lat' dir='ltr'>{s</span> <span class='ocrx_word' id='word_1_320' title='bbox 927 2678 1036 2719; x_wconf 78' lang='lat' dir='ltr'>corr.)</span> <span class='ocrx_word' id='word_1_321' title='bbox 1183 2678 1220 2709; x_wconf 76' lang='lat'><strong>1:·›</strong></span> <span class='ocrx_word' id='word_1_322' title='bbox 1247 2679 1340 2709; x_wconf 65' lang='lat' dir='ltr'>etifisi</span> <span class='ocrx_word' id='word_1_323' title='bbox 1369 2680 1420 2719; x_wconf 63' lang='lat' dir='ltr'>(as</span> <span class='ocrx_word' id='word_1_324' title='bbox 1446 2678 1478 2711; x_wconf 81' lang='lat' dir='ltr'>iu</span> <span class='ocrx_word' id='word_1_325' title='bbox 1507 2678 1595 2721; x_wconf 76' lang='lat' dir='ltr'>ras.)</span> 
     </span>
     <span class='ocr_line' id='line_1_39' title="bbox 112 2736 1730 2781; baseline 0 -11"><span class='ocrx_word' id='word_1_326' title='bbox 112 2737 151 2770; x_wconf 69' lang='lat'>14</span> <span class='ocrx_word' id='word_1_327' title='bbox 178 2738 398 2778; x_wconf 66' lang='lat' dir='ltr'>interpretatio</span> <span class='ocrx_word' id='word_1_328' title='bbox 549 2737 585 2769; x_wconf 63' lang='lat'>10¹</span> <span class='ocrx_word' id='word_1_329' title='bbox 611 2736 698 2777; x_wconf 87' lang='lat' dir='ltr'>quod</span> <span class='ocrx_word' id='word_1_330' title='bbox 726 2736 760 2776; x_wconf 84' lang='lat' dir='ltr'>(d</span> <span class='ocrx_word' id='word_1_331' title='bbox 787 2741 897 2778; x_wconf 77' lang='lat' dir='ltr'>corr.)</span> <span class='ocrx_word' id='word_1_332' title='bbox 1040 2738 1084 2769; x_wconf 70' lang='lat'>&#39;3¹3</span> <span class='ocrx_word' id='word_1_333' title='bbox 1111 2737 1286 2773; x_wconf 72' lang='lat' dir='ltr'>irritantib5</span> <span class='ocrx_word' id='word_1_334' title='bbox 1317 2737 1435 2781; x_wconf 69' lang='lat' dir='ltr'>(prior</span> <span class='ocrx_word' id='word_1_335' title='bbox 1460 2748 1474 2767; x_wconf 88' lang='lat' dir='ltr'>r</span> <span class='ocrx_word' id='word_1_336' title='bbox 1499 2747 1548 2770; x_wconf 69' lang='lat' dir='ltr'>ea·</span> <span class='ocrx_word' id='word_1_337' title='bbox 1575 2749 1593 2768; x_wconf 86' lang='lat' dir='ltr'>n</span> <span class='ocrx_word' id='word_1_338' title='bbox 1621 2740 1730 2777; x_wconf 74' lang='lat' dir='ltr'>corr.)</span> 
     </span>
     <span class='ocr_line' id='line_1_40' title="bbox 201 2793 1731 2840; baseline -0.001 -12"><span class='ocrx_word' id='word_1_339' title='bbox 201 2796 244 2828; x_wconf 59' lang='grc' dir='ltr'>Ξῖ</span> <span class='ocrx_word' id='word_1_340' title='bbox 271 2807 438 2827; x_wconf 85' lang='lat' dir='ltr'>sucensere</span> <span class='ocrx_word' id='word_1_341' title='bbox 464 2796 560 2840; x_wconf 70' lang='lat' dir='ltr'>(post</span> <span class='ocrx_word' id='word_1_342' title='bbox 586 2806 620 2825; x_wconf 81' lang='lat' dir='ltr'>su</span> <span class='ocrx_word' id='word_1_343' title='bbox 647 2804 730 2832; x_wconf 60' lang='lat' dir='ltr'>ras„</span> <span class='ocrx_word' id='word_1_344' title='bbox 754 2793 827 2836; x_wconf 74' lang='grc' dir='ltr'><em>[ιιῖί</em></span> <span class='ocrx_word' id='word_1_345' title='bbox 852 2795 879 2835; x_wconf 76' lang='lat' dir='ltr'>s)</span> <span class='ocrx_word' id='word_1_346' title='bbox 979 2797 1023 2827; x_wconf 61' lang='lat'>22&gt;</span> <span class='ocrx_word' id='word_1_347' title='bbox 1042 2795 1189 2836; x_wconf 63' lang='lat' dir='ltr'>querelas</span> <span class='ocrx_word' id='word_1_348' title='bbox 1216 2795 1277 2835; x_wconf 84' lang='lat' dir='ltr'>(las</span> <span class='ocrx_word' id='word_1_349' title='bbox 1303 2795 1337 2828; x_wconf 78' lang='lat' dir='ltr'>e&#39;n</span> <span class='ocrx_word' id='word_1_350' title='bbox 1365 2796 1454 2837; x_wconf 69' lang='lat' dir='ltr'>ras.)</span> <span class='ocrx_word' id='word_1_351' title='bbox 1553 2798 1596 2826; x_wconf 63' lang='grc' dir='ltr'>ἵζω</span> <span class='ocrx_word' id='word_1_352' title='bbox 1615 2807 1731 2837; x_wconf 73' lang='lat' dir='ltr'>aggra-</span> 
     </span>
    </p>
   </div>
   <div class='ocr_carea' id='block_1_13' title="bbox 108 2852 1535 2899">
    <p class='ocr_par' dir='ltr' id='par_1_15' title="bbox 108 2852 1535 2899">
     <span class='ocr_line' id='line_1_41' title="bbox 108 2852 1535 2899; baseline 0.001 -14"><span class='ocrx_word' id='word_1_353' title='bbox 108 2855 216 2885; x_wconf 81' lang='lat' dir='ltr'>uando</span> <span class='ocrx_word' id='word_1_354' title='bbox 242 2854 360 2899; x_wconf 81' lang='lat' dir='ltr'>(prior</span> <span class='ocrx_word' id='word_1_355' title='bbox 384 2865 406 2895; x_wconf 89' lang='lat' dir='ltr'>g</span> <span class='ocrx_word' id='word_1_356' title='bbox 432 2853 541 2895; x_wconf 73' lang='lat' dir='ltr'>corr.)</span> <span class='ocrx_word' id='word_1_357' title='bbox 640 2853 678 2885; x_wconf 76' lang='lat'>31</span> <span class='ocrx_word' id='word_1_358' title='bbox 711 2855 853 2893; x_wconf 62' lang='lat' dir='ltr'>numqua</span> <span class='ocrx_word' id='word_1_359' title='bbox 880 2855 915 2893; x_wconf 75' lang='lat'>(5.</span> <span class='ocrx_word' id='word_1_360' title='bbox 941 2852 974 2885; x_wconf 80' lang='lat' dir='ltr'>in</span> <span class='ocrx_word' id='word_1_361' title='bbox 1002 2852 1092 2896; x_wconf 80' lang='lat' dir='ltr'>ras.)</span> <span class='ocrx_word' id='word_1_362' title='bbox 1191 2854 1234 2886; x_wconf 70' lang='lat'>353</span> <span class='ocrx_word' id='word_1_363' title='bbox 1261 2855 1347 2895; x_wconf 76' lang='lat' dir='ltr'>atqui</span> <span class='ocrx_word' id='word_1_364' title='bbox 1375 2856 1399 2895; x_wconf 78' lang='lat' dir='ltr'>(t</span> <span class='ocrx_word' id='word_1_365' title='bbox 1427 2862 1535 2895; x_wconf 74' lang='lat' dir='ltr'>corr.)</span> 
     </span>
    </p>
   </div>
   <div class='ocr_carea' id='block_1_14' title="bbox 1753 2307 1785 2329">
    <p class='ocr_par' dir='ltr' id='par_1_16' title="bbox 1753 2307 1785 2329">
     <span class='ocr_line' id='line_1_42' title="bbox 1753 2307 1785 2329; baseline -0.031 -1"><span class='ocrx_word' id='word_1_366' title='bbox 1753 2308 1766 2329; x_wconf 65' lang='lat'>:5</span> <span class='ocrx_word' id='word_1_367' title='bbox 1771 2307 1785 2329; x_wconf 65' lang='lat' dir='ltr'>s)</span> 
     </span>
    </p>
   </div>
  </div>
 </body>
</html>
