1982 3267
600 158 654 184 DE
673 157 822 183 CODICE
841 156 1155 184 MEDIOLANENSI.
1579 155 1691 181 XXVII

72 253 308 292 coniectura
339 252 450 292 haud
483 252 645 293 difficile
677 255 844 293 inueniri
881 266 1006 306 posse
1048 253 1285 299 uideantur,
1328 252 1514 291 eiusdem
1548 264 1694 291 manus

71 324 174 363 haec
205 322 335 362 habes
368 323 587 363 miracula:
636 326 671 372 7,
714 325 791 377 20,
825 327 849 363 4
879 327 1066 374 pondere,
1098 323 1120 361 i.
1153 335 1206 361 m.
1231 325 1436 373 ponder0;
1479 322 1516 372 7,
1560 322 1635 371 23,
1669 323 1692 361 3

70 396 306 440 continentis,
327 395 349 432 i.
373 407 426 432 m.
449 401 500 432 ηδ
522 397 771 441 continentis;
794 395 830 445 9,
856 395 892 444 7,
915 398 938 434 5
959 396 1074 442 fetus,
1097 406 1298 445 suprascr.
1320 399 1449 440 cetus;
1482 395 1520 444 9,
1547 394 1609 440 11,
1645 394 1657 430 l
1676 395 1687 430 1

66 467 222 515 frusta,
263 465 284 502 i.
318 477 370 502 m.
399 466 555 512 frustra
568 479 580 510 ,·
626 467 662 512 4,
701 466 764 512 10,
798 466 822 504 6
855 466 1015 509 mirari,
1047 463 1068 502 i.
1101 476 1154 501 m.
1187 466 1311 510 irari3
1351 465 1386 510 4,
1415 465 1478 510 11,
1512 462 1534 500 3
1568 464 1694 501 medio
1729 455 1736 460 ”

69 529 141 573 cu?
165 535 310 584 libello,
342 535 364 572 i.
387 547 439 572 m.
473 546 504 573 c.
538 537 606 585 εἴ,
653 535 690 582 4,
737 535 800 581 11,
841 536 864 573 5
890 536 1044 583 pennae,
1086 533 1108 572 i.
1138 545 1191 572 m.
1224 545 1255 572 c.
1283 536 1428 582 pannis
1440 548 1453 580 ,·
1490 535 1552 579 11,
1582 535 1688 580 19,,1

71 611 180 644 taceo
215 610 297 654 ενᾶ,
329 605 444 656 quod
477 604 662 644 debebat
693 617 784 643 esse
817 610 1030 649 tacueram,
1063 604 1084 641 i.
1107 616 1160 642 m.
1185 616 1267 649 era,
1300 604 1355 642 ita
1378 609 1421 642 ut
1442 616 1494 642 ne
1518 605 1553 650 7,
1578 605 1646 650 20,
1670 604 1693 642 6

71 675 239 726 quidem
263 673 333 713 ubi
365 675 504 713 codex
535 674 665 714 habet
696 677 840 719 hiscite,
873 674 987 725 quod
1019 674 1058 712 in
1092 674 1278 725 margine
1308 674 1522 726 adscripsit
1545 674 1695 712 eadem

69 757 215 783 manus
238 747 379 791 hiscite,
413 745 648 784 uerissimae
679 744 895 795 Bongarsii
917 744 1179 782 coniecturae
1200 746 1305 783 hiato
1326 743 1452 783 fidem
1477 743 1696 783 detrahere

69 815 212 866 possit.

187 884 274 923 Iam
318 886 442 923 missa
483 884 686 936 farragine
728 885 794 924 illa
832 891 1048 931 notarum,
1098 890 1463 935 argumentorum,
1506 884 1694 923 admoni-

68 956 240 1002 tionum,
273 955 751 1006 interpretamentorum‚
783 969 866 1006 qua
897 954 995 993 illud
1026 967 1126 993 sane
1148 955 1353 1001 discimus,
1385 961 1542 1006 quanta
1569 968 1697 1006 opera

69 1012 129 1064 et*
151 1025 289 1063 studio
333 1023 494 1064 Seneca
546 1025 697 1064 ultimis
751 1026 913 1064 mediae
964 1025 1109 1064 aetatis
1157 1024 1329 1063 saeculis
1381 1030 1580 1063 tractatus
1633 1025 1695 1072 sit,

69 1096 328 1135 redeundum
362 1101 425 1134 est
457 1096 510 1134 ad
543 1109 712 1134 manum
747 1097 917 1135 alteram
952 1108 1209 1147 operamque
1242 1108 1366 1133 manu
1398 1094 1466 1133 illa
1489 1096 1542 1133 ad
1565 1108 1696 1146 genus

69 1166 438 1217 orthographicum
484 1165 721 1204 adhibitam.
796 1165 863 1205 Ac
905 1167 1031 1205 totius
1080 1166 1234 1204 codicis
1276 1166 1315 1203 in
1357 1178 1510 1216 genere
1552 1165 1694 1204 ortho-

69 1235 269 1287 graphico
302 1238 406 1275 ratio
440 1237 671 1275 admodum
706 1242 768 1275 est
800 1236 1026 1287 singularis.
1091 1234 1198 1275 Cum
1231 1236 1340 1274 enim
1382 1235 1589 1282 librarius,
1633 1236 1695 1274 cui

69 1306 283 1357 archetypi
315 1306 577 1345 describendi
610 1320 757 1345 munus
801 1306 987 1345 delatum
1031 1312 1161 1353 esset,
1203 1299 1439 1345 uetustioris
1483 1306 1695 1344 cuiusdam

69 1376 394 1427 orthographiae
447 1384 648 1428 quantum
681 1376 766 1415 fieri
799 1383 942 1428 posset
990 1378 1043 1415 ad
1085 1375 1187 1414 illius
1230 1377 1376 1415 aetatis
1409 1377 1589 1415 rationes
1622 1377 1693 1414 ad-

69 1448 342 1486 commodare
375 1447 439 1485 uel
473 1446 581 1486 ultro
614 1447 677 1486 uel
710 1456 878 1486 coactus
911 1448 1119 1494 studeret,
1162 1447 1203 1485 id
1235 1447 1404 1499 quidem
1448 1445 1607 1493 effecit,
1651 1457 1696 1485 ut

69 1518 108 1556 in
152 1518 385 1556 uniuersum
426 1507 721 1569 aequabilitate
763 1519 945 1569 quadam
988 1517 1110 1556 lectio
1152 1517 1364 1568 scriptoris
1406 1517 1695 1563 contineretur,

69 1587 141 1626 sed
175 1587 305 1626 multa
335 1594 477 1626 tamen
510 1589 961 1639 praetermitterentur,
1003 1601 1110 1640 quae
1153 1600 1246 1626 cum
1280 1587 1444 1639 reliquis
1476 1587 1611 1639 qualia
1642 1588 1694 1625 ab

68 1658 158 1709 ipso
191 1665 330 1696 essent
362 1659 600 1705 constituta,
631 1672 800 1710 prorsus
834 1672 918 1697 non
952 1658 1232 1697 conuenirent.
1296 1657 1414 1696 Haec
1455 1666 1498 1695 ut
1530 1657 1696 1696 tolleret

69 1741 149 1766 una
180 1741 274 1766 cum
307 1728 433 1767 totius
465 1729 676 1780 scriptoris
709 1730 1004 1767 emendatione
1037 1742 1183 1766 manus
1216 1727 1344 1766 altera
1372 1727 1448 1766 sibi
1480 1728 1697 1780 proposuit

68 1799 216 1837 eadem
260 1799 467 1837 modestia
504 1812 586 1850 qua
618 1800 656 1837 in
689 1799 853 1850 reliquis
887 1798 1082 1837 utebatur
1126 1798 1191 1836 uel
1232 1799 1394 1849 punctis
1436 1799 1580 1849 positis
1632 1796 1697 1836 uel

66 1869 233 1920 singulis
266 1868 410 1907 litteris
441 1870 726 1921 suprascriptis
769 1869 833 1907 uel
873 1875 1050 1920 utroque
1083 1869 1270 1907 remedio
1309 1867 1494 1907 confuso.
1557 1866 1698 1907 Secuti

66 1945 162 1978 sunt
193 1940 233 1977 in
265 1939 347 1977 hoc
379 1952 547 1991 quoque
579 1953 732 1991 genere
755 1940 1001 1978 robustioris
1024 1952 1177 1990 operae
1201 1944 1468 1985 correctores,
1501 1939 1569 1989 qui
1590 1950 1696 1989 quae

68 2022 213 2047 manus
246 2009 375 2047 altera
407 2009 678 2061 significasset
706 2016 881 2056 tantum,
913 2010 969 2049 ita
997 2010 1073 2047 sibi
1105 2008 1357 2060 perficienda
1380 2022 1469 2047 esse
1492 2014 1696 2060 putarent,

68 2085 112 2118 ut
144 2092 274 2117 nouas
307 2079 465 2118 litteras
498 2081 537 2118 in
570 2087 757 2119 ueterum
793 2081 928 2119 locun]
962 2080 1187 2119 succedere
1229 2080 1438 2125 iuberent,
1481 2085 1697 2129 praeterea

67 2156 207 2187 autem
239 2162 347 2201 quae
378 2150 452 2202 ipsi
484 2150 561 2188 sibi
593 2149 695 2189 falsa
727 2164 818 2189 esse
860 2150 1112 2189 intellexisse
1146 2150 1384 2188 uiderentur
1416 2156 1486 2188 aut
1518 2149 1574 2187 ita
1605 2161 1694 2186 cor-

68 2219 269 2269 rigerent,
313 2225 357 2257 ut
399 2219 559 2258 litterae
601 2226 788 2259 mutatae
831 2221 1049 2271 uestigium
1097 2218 1267 2271 aliquod
1309 2219 1585 2270 relinquerent
1626 2225 1697 2256 aut

67 2290 183 2340 quod
215 2295 336 2327 antea
367 2291 565 2341 scriptum
599 2297 719 2337 esset,
752 2291 808 2329 ita
840 2290 1036 2337 delerent,
1070 2296 1114 2328 ut
1146 2303 1311 2328 rasurae
1344 2290 1460 2327 unius
1492 2287 1696 2327 beneficio

68 2371 221 2410 operae
254 2373 399 2398 eorum
431 2361 745 2400 admoneamur.
809 2360 949 2412 Quam
983 2361 1167 2412 ipsorum
1200 2373 1372 2411 operam
1416 2359 1624 2411 duplicem
1657 2360 1696 2397 in

65 2429 208 2468 tabula
239 2429 681 2482 photolithographica
713 2432 873 2482 optime
905 2431 1058 2483 probat
1100 2432 1279 2482 primum
1323 2438 1536 2479 apsterrel,
1575 2430 1642 2468 ubi
1677 2431 1697 2466 h

67 2499 106 2537 in
130 2512 162 2548 p
206 2505 409 2539 mutatam
453 2500 606 2548 habes,
652 2502 804 2540 deinde
847 2504 1046 2548 assidam,
1091 2501 1160 2539 ubi
1202 2501 1379 2552 primam
1410 2514 1429 2539 s
1460 2514 1514 2539 ex
1549 2503 1575 2538 (l
1605 2513 1694 2538 cor-

67 2577 224 2608 rectam
258 2583 349 2609 esse
381 2572 480 2610 satis
512 2578 698 2623 apparet.
764 2572 914 2611 Manus
937 2571 1102 2610 alterius
1126 2584 1298 2622 operam
1320 2571 1360 2610 in
1383 2572 1531 2609 eadem
1555 2570 1697 2609 tabula

314 2645 336 2666 n

69 2693 251 2732 ostendit
279 2681 437 2741 unwan
474 2695 720 2734 coniunctae
752 2695 852 2734 illius
886 2702 927 2734 et
960 2702 1242 2733 correctorum
1275 2707 1430 2746 operae
1453 2694 1695 2745 exemplum

68 2773 213 2813 tabula
245 2781 389 2815 nostra
420 2790 503 2814 non
535 2777 734 2828 praebet;
781 2779 851 2816 uix
896 2776 979 2815 ullo
1023 2777 1150 2815 totius
1182 2777 1239 2815 rei
1271 2777 1386 2828 quasi
1419 2777 1483 2815 uia
1516 2783 1556 2815 et
1590 2777 1695 2814 ordo

69 2844 201 2895 magis
249 2846 492 2897 perspicitur
543 2860 669 2898 quam
723 2860 773 2886 eo
825 2848 939 2899 quod
982 2846 1186 2886 habemus
1230 2849 1277 2895 5,
1322 2850 1366 2894 7,
1408 2850 1445 2894 1,
1489 2846 1557 2885 ubi
1601 2859 1694 2885 cum
