1977 3231
68 1091 87 1122 ιζ,

419 142 522 169 DIAL.
544 142 593 169 Vl.
635 142 690 167 AD
712 141 898 168 MARCIAM
921 142 972 167 DE
993 140 1315 168 CONSOLATIONE.
1355 144 1380 169 Γ».
1403 143 1427 167 Τ.
1658 144 1735 182 127

111 241 272 293 inpetus
315 239 388 279 fiat
431 245 556 291 atque
598 239 712 278 omni
753 253 797 278 se
839 252 992 291 genere
1035 238 1232 278 saeuitiae
1274 237 1532 290 profecturus
1575 250 1739 276 maeror

109 317 328 351 exerceat:
382 311 456 349 sed
504 310 535 349 si
585 309 702 348 nullis
753 308 985 363 planctibus
1028 308 1222 348 defuncta
1264 314 1532 356 reuocantur,
1575 310 1606 347 si
1648 321 1738 347 sors

109 381 269 420 inmota
301 387 342 420 et
383 381 421 419 in
455 385 669 419 aeternum
709 379 794 420 fixa
824 379 933 419 nulla
976 379 1138 418 miseria
1172 385 1355 419 mutatur
1386 385 1427 418 et
1460 392 1574 418 mors
1607 380 1738 418 tenuit

110 451 310 503 quidquid
343 450 522 498 abstulit,
555 452 718 490 desinat
751 450 872 490 dolor
903 450 972 502 qui
1003 451 1121 502 perit.
1173 463 1299 501 quare
1332 463 1527 501 regamur
1558 463 1634 488 nec
1661 463 1738 489 nos
1796 449 1798 451 ’

110 522 187 561 ista
219 522 277 560 uis
310 528 569 561 transuersos
602 521 769 560 auferat.
822 520 950 573 turpis
984 526 1047 559 est
1078 520 1228 571 nauigii
1261 526 1407 568 rector,
1441 520 1503 559 cui
1532 521 1773 572 guberna-5

111 592 200 632 cula
233 591 381 632 fluctus
414 593 570 645 eripuit,
604 593 671 644 qui
704 591 904 631 fluitantia
937 590 1028 630 uela
1060 591 1252 649 deseruit,
1285 591 1468 642 permisit
1501 592 1739 643 tempestati

110 669 268 702 ratem:
305 670 347 702 at
379 662 442 701 ille
475 663 539 701 uel
571 665 610 702 in
640 662 853 714 naufragio
876 661 1107 701 laudandus
1128 674 1254 713 quem
1278 661 1415 700 obruit
1438 674 1552 700 mare
1575 661 1737 701 clauum

112 739 326 772 tenentem
359 739 400 773 et
432 734 649 773 obnixum.

229 804 319 843 VH.
385 804 447 843 At
490 804 598 843 enim
631 802 814 843 naturale
854 803 1103 842 desiderium
1145 815 1316 842 suorum
1349 808 1422 841 est.
1482 804 1571 855 quis
1603 809 1740 854 negat,

112 875 309 928 quamdiu
352 875 564 914 modicum
607 876 694 914 est?
738 888 833 913 nam
877 874 1081 921 discessu,
1126 887 1209 912 non
1252 873 1387 912 solum
1421 874 1641 912 amissione
1673 887 1737 912 ca·
1764 885 1792 910 ιυ

113 945 367 986 rissimorum
400 946 653 985 necessarius
687 959 849 984 morsus
877 950 940 984 est
972 950 1013 984 et
1040 943 1368 984 firmissimorum
1392 957 1559 996 quoque
1581 945 1738 983 animo-

114 1030 205 1055 rum
238 1016 479 1055 contractio.
533 1017 608 1055 sed
639 1016 731 1069 plus
764 1022 826 1055 est
859 1016 973 1067 quod
1002 1016 1142 1067 opinio
1167 1015 1289 1054 adicit
1310 1029 1435 1067 quam
1459 1016 1573 1067 quod
1595 1021 1741 1054 natura

114 1087 341 1140 imperauit.
437 1086 604 1139 adspice
667 1092 877 1126 mutorum
931 1085 1168 1125 animalium
1221 1099 1346 1138 quam
1402 1087 1609 1125 concitata
1660 1085 1740 1124 sint

112 1156 315 1196 desideria
366 1164 406 1196 et
458 1164 600 1197 tamen
652 1170 778 1210 quam
831 1157 980 1196 breuia.
1049 1170 1267 1195 uaccarum
1320 1170 1403 1195 uno
1447 1157 1513 1195 die
1536 1156 1741 1199 ‚alteroue

112 1228 291 1279 mugitus
333 1228 516 1275 auditur,
559 1242 635 1267 nec
678 1228 827 1267 diutius
870 1241 1069 1279 equarum
1113 1240 1243 1279 uagus
1286 1227 1351 1266 ille
1393 1240 1620 1279 amensque
1659 1228 1738 1266 dis-
1764 1240 1793 1264 15

111 1312 251 1338 cursus
283 1305 356 1338 est.
409 1299 518 1338 ferae
547 1312 640 1338 cum
675 1299 848 1350 uestigia
880 1297 1111 1338 catulorum
1145 1304 1410 1337 consectatae
1431 1304 1527 1337 sunt
1549 1304 1591 1336 et
1619 1298 1740 1337 siluas

110 1375 383 1421 peruagatae,
417 1382 512 1408 cum
544 1383 669 1422 saepe
701 1370 755 1409 ad
788 1369 935 1408 cubilia
968 1368 1152 1421 expilata
1185 1369 1413 1416 redierunt,
1446 1369 1603 1407 rabiem
1636 1369 1741 1407 intra

111 1440 308 1492 exiguum
353 1448 517 1493 tempus
561 1442 818 1493 extinguunt.
891 1454 988 1480 aues
1031 1454 1125 1479 cum
1168 1441 1347 1479 stridore
1389 1453 1544 1492 magno
1599 1442 1740 1478 inanes

110 1512 231 1550 nidos
275 1510 705 1560 circumfremuerunt‚
747 1512 853 1550 intra
896 1517 1155 1550 momentum
1199 1518 1340 1550 tamen
1380 1511 1543 1563 quietae
1577 1510 1738 1550 uolatus

109 1595 207 1621 suos
248 1587 452 1634 repetunt.
515 1596 592 1621 nec
633 1581 699 1621 ulli
741 1581 906 1621 animali
948 1582 1118 1634 longum
1162 1581 1267 1621 fetus
1299 1582 1359 1621 sui
1393 1582 1642 1621 desiderium
1676 1587 1739 1620 est
1759 1591 1791 1616 20

110 1653 183 1692 nisi
214 1652 381 1701 homini,
414 1654 483 1705 qui
515 1654 634 1693 adest
666 1652 800 1692 dolori
832 1667 906 1693 suo
940 1667 1016 1692 nec
1048 1659 1207 1692 tantum
1242 1659 1442 1705 quantum
1475 1653 1619 1700 sentit,
1663 1652 1738 1690 sed

36 1725 70 1754 ”-’
109 1729 309 1775 quantum
343 1725 564 1771 constituit,
596 1722 794 1763 adficitur.
849 1730 892 1763 ut
921 1724 1024 1763 scias
1054 1730 1195 1763 autem
1219 1737 1303 1762 non
1327 1737 1416 1762 esse
1439 1722 1520 1762 hoc
1542 1722 1738 1770 naturale,

108 1793 284 1833 luctibus
317 1793 458 1847 frangi,
491 1795 669 1847 primum
703 1795 835 1845 magis
868 1794 1039 1834 feminas
1071 1808 1196 1847 quam
1227 1794 1347 1841 uiros,
1381 1794 1514 1845 magis
1536 1793 1738 1832 barbaros

108 1878 232 1917 quam
274 1864 462 1917 placidae
501 1866 767 1918 eruditaeque
800 1866 933 1916 gentis
966 1865 1178 1912 homines,
1222 1865 1354 1916 magis
1385 1865 1579 1903 indoctos
1611 1877 1736 1916 quam

109 1935 259 1974 doctos
311 1936 460 1975 eadem
513 1936 670 1975 orbitas
722 1935 920 1975 uolnerat.
991 1936 1103 1987 atqui
1155 1948 1203 1975 ea
1254 1948 1362 1987 quae
1403 1948 1427 1974 a
1467 1942 1611 1973 natura
1653 1934 1735 1973 uim
1756 1945 1790 1969 ·.>.·›

108 2012 368 2058 acceperunt,
402 2007 580 2046 eandem
612 2007 651 2045 in
684 2007 879 2046 omnibus
911 2012 1099 2045 seruant:
1136 2012 1310 2058 apparet
1333 2019 1415 2045 non
1439 2019 1528 2044 esse
1552 2004 1736 2043 naturale

108 2076 220 2128 quod
263 2077 419 2116 uarium
463 2084 537 2117 est.
600 2077 704 2129 ignis
748 2077 882 2117 omnis
921 2077 1068 2117 aetatis
1103 2077 1373 2128 omniumque
1405 2076 1595 2115 ordinum
1629 2076 1736 2115 ciues

113 2200 122 2233 l
156 2201 266 2241 seuitie
395 2210 502 2231 meror
639 2202 658 2230 :3
694 2201 791 2231 tenuit
827 2209 971 2233 necesse
1005 2209 1082 2233 esse
1116 2209 1186 2233 non
1212 2198 1358 2233 willelm·
1392 2208 1468 2231 cum
1499 2197 1672 2231 I'l'nce'ano
1699 2198 1732 2230 in

1191 2265 1268 2282 mart}

107 2297 192 2326 tenet
220 2293 354 2327 mutari
447 2293 464 2326 4¹
495 2295 648 2336 quicquid
746 2295 765 2327 (⁷3
793 2295 970 2325 ssuuitantia
1069 2293 1089 2326 7
1115 2294 1223 2325 obruit
1379 2294 1506 2324 clauum
1536 2291 1732 2325 Erasmus:

107 2364 223 2385 nauem
361 2352 380 2385 9
407 2358 500 2384 necat
535 2352 566 2396 (c
593 2352 628 2386 in
654 2364 676 2395 g
702 2353 812 2395 corr.)
956 2354 993 2386 lt.)
1029 2353 1116 2395 quod
1143 2353 1254 2394 opinio
1283 2350 1499 2386 deteriores:
1530 2354 1592 2393 quii
1621 2352 1732 2393 opinio

686 2413 702 2430 a

235 2447 276 2480 13
303 2448 412 2490 aspice
555 2447 589 2481 15
617 2441 732 2494 equoi’ss
861 2447 903 2480 143
930 2448 995 2488 sere
1132 2446 1171 2480 17
1199 2447 1360 2478 redierunt
1386 2444 1554 2480 Fickert:
1585 2447 1735 2477 redierint

223 2510 261 2544 l&
287 2513 450 2553 extingunt
563 2512 606 2546 ‘32
633 2513 771 2544 afficitur
799 2511 922 2556 (prior
948 2513 962 2543 f
985 2514 1095 2555 corr.)
1210 2511 1254 2544 ¹24
1282 2512 1428 2553 placidas
1455 2512 1505 2551 (as
1523 2520 1617 2546 corr.
1637 2520 1686 2544 est:
1704 2509 1735 2550 ς)

109 2571 284 2612 cruditasq;
314 2578 397 2613 (asq3
427 2582 444 2605 c
463 2573 572 2613 corr.)
599 2576 711 2613 gentes
737 2570 814 2606 cod.
838 2570 911 2614 fuit
937 2570 1046 2614 ἱρέων
1072 2571 1225 2612 placidae
1249 2570 1455 2611 eruditaeque
1481 2580 1524 2605 m.
1548 2579 1604 2614 pr.
1631 2570 1733 2611 gentis

109 2640 200 2663 rmus
227 2627 445 2663 deteriorum
564 2630 606 2663 25
635 2630 778 2662 uulnerat
806 2631 837 2672 (u
857 2640 875 2663 e
893 2630 1001 2671 corr.)
1117 2630 1203 2671 atqui
1229 2640 1267 2660 ea
1292 2639 1375 2671 quae
1401 2626 1617 2662 deleriores:
1648 2628 1734 2668 atqui

110 2699 193 2729 aqua
319 2689 362 2722 ’ἐῖ
389 2700 502 2721 omnes
528 2694 628 2730 etates
654 2690 812 2730 offiiumq3
841 2689 937 2721 urbii-1
964 2687 1043 2722 cod.
1077 2689 1182 2719 omnis
1209 2688 1322 2719 aetatis
1348 2688 1557 2728 omniumque
1583 2687 1731 2717 ordinum

106 2744 226 2785 Koch,
261 2746 308 2790 cli
347 2744 415 2780 Cic.
451 2748 485 2780 in
520 2745 593 2781 Pis.
630 2749 671 2780 52
715 2748 858 2779 omnium
901 2757 1052 2788 generum
1096 2750 1236 2777 aetatum
1269 2746 1418 2777 ordinum
1455 2757 1567 2777 omnes
1602 2746 1660 2776 uiri
1695 2756 1732 2776 ac

107 2805 276 2842 mulieres-3
314 2807 361 2838 90
396 2817 509 2838 omnes
544 2807 694 2848 mortales
728 2807 874 2838 omnium
907 2810 1079 2848 generum',
1107 2809 1266 2845 aetatum,
1309 2805 1480 2842 ordinum;
1531 2803 1618 2838 Vell.
1654 2801 1733 2838 Pal.

108 2865 145 2904 2,
184 2865 225 2896 59
277 2875 340 2906 quo
383 2860 493 2896 fauor&
534 2867 679 2897 omnium
723 2866 910 2904 hominum,
954 2865 1126 2903 aetatium,
1169 2865 1318 2900 ordinum
1353 2867 1502 2907 exceptus
1543 2865 1603 2899 sit:
1651 2860 1732 2897 Seu.
