2008 3221
209 884 239 909 10

210 1237 241 1262 15

206 1590 239 1615 ‘20

205 2295 239 2321 30

262 142 314 181 62
753 135 858 162 DIAL.
880 135 928 162 IV.
965 134 1018 159 DE
1039 133 1108 158 IRA
1128 133 1200 160 LIB.
1220 133 1258 160 11.
1296 135 1322 160 9.
1347 136 1388 161 10.

259 234 405 287 singuli
438 239 508 273 aut
539 232 658 286 pauci
689 244 837 284 rupere
868 230 1035 283 legem?
1078 230 1261 283 undique
1298 230 1409 270 uelut
1447 231 1566 283 signo
1607 231 1708 270 dato
1740 231 1795 271 ad
1827 230 1888 271 fas

259 305 456 357 nefasque
487 303 747 343 miscendum
779 302 913 342 coorti
943 307 1050 341 sunt.

755 411 828 435 mm
860 399 988 446 lmspcs
1020 398 1069 434 ab
1101 398 1239 446 hospite
1269 401 1381 435 littus.

471 471 545 494 mm
577 469 686 494 socer
715 470 739 494 a
763 468 922 507 genero.
969 458 1149 506 fratrum
1183 467 1332 504 quoque
1358 457 1489 504 gratia
1522 470 1618 494 rara
1650 462 1711 495 est.

472 517 627 554 inminet
655 517 767 553 exitia
799 517 861 552 ztir
890 517 1066 563 coniugis,
1101 517 1169 552 illa
1201 516 1344 553 ωιτν-ἰή.

471 576 598 612 lurida
629 576 810 612 terribiles
841 573 997 612 minent
1025 576 1175 612 aconita
1206 586 1397 613 nouercae.

458 636 571 685 filius
603 640 688 671 aitte
719 635 813 671 diem
837 635 986 683 patrios
1017 635 1175 681 inquirit
1204 635 1242 670 m
1275 646 1404 670 annes.

260 734 301 768 et
346 734 474 781 quota
515 728 593 767 ista
634 741 731 781 pars
772 727 976 767 scelerum
1019 729 1108 766 est?
1157 740 1243 766 non
1282 726 1498 778 descripsit
1540 731 1676 766 castra
1714 740 1769 765 ex
1810 739 1891 766 una

259 805 378 852 parte
421 799 627 838 contraria
668 804 709 838 et
760 799 994 850 parentium
1044 798 1354 850 liberorumque
1404 803 1667 836 sacramenta
1717 797 1891 845 diuersa,

260 869 490 909 subiectam
543 870 724 922 patriae·
751 870 850 909 ciuis
902 883 1026 908 manu
1079 868 1294 908 flammam
1343 874 1384 907 et
1428 868 1597 920 agmina
1646 867 1891 908 infestorum

260 941 445 993 equitum
478 941 532 979 ad
572 940 835 992 inquirendas
867 939 1198 992 proscriptorum
1235 939 1417 978 latebras
1449 939 1819 979 circumuolitantia
1851 944 1893 978 et

260 1011 437 1050 uiolatos
470 1010 606 1050 fontes
639 1011 807 1050 uenenis
841 1017 881 1050 et
912 1009 1191 1063 pestilentiam
1215 1023 1340 1049 manu
1369 1009 1522 1050 factam
1546 1016 1587 1049 et
1618 1011 1892 1063 praeductam

260 1082 442 1122 obsessis
475 1081 715 1134 parentibus
748 1081 916 1129 fossam,
947 1081 1094 1134 plenos
1118 1094 1305 1120 carceres
1330 1087 1371 1119 et
1404 1080 1594 1120 incendia
1625 1087 1738 1121 totas
1769 1081 1893 1121 urbes

260 1153 569 1192 concremantia
613 1152 1004 1204 dominationesque
1044 1151 1229 1191 funestas
1272 1158 1313 1191 et
1355 1165 1580 1204 regnorum
1612 1151 1892 1205 publicorum-

261 1237 342 1276 que
384 1224 607 1263 exitiorum
651 1223 908 1267 clandgstina
951 1222 1140 1271 consilia,
1195 1228 1235 1261 et
1279 1236 1357 1275 pro
1400 1222 1532 1274 gloria
1572 1222 1736 1271 habita,
1787 1235 1895 1276 quae

261 1295 459 1347 quamdiu
492 1294 672 1347 opprimi
703 1299 890 1346 possunt,
923 1293 1079 1333 scelera
1110 1299 1221 1341 sunt,
1255 1299 1398 1346 raptus
1431 1307 1479 1333 ac
1513 1299 1657 1347 stupra
1689 1299 1731 1333 et
1762 1307 1815 1333 ne
1847 1307 1894 1333 os

260 1365 429 1417 quidem
471 1364 625 1404 libidini
667 1370 906 1417 exceptum.
969 1365 1081 1403 adde
1120 1377 1228 1403 nunc
1276 1364 1442 1416 publica
1489 1364 1665 1416 periuria
1707 1365 1892 1416 gentium

1919 738 1935 750 ’Ἰ

1917 754 1936 769 ι)

261 1441 303 1475 et
344 1441 466 1488 rupta
507 1435 680 1475 foedera
711 1441 753 1475 et
794 1435 997 1487 praedam
1040 1434 1246 1474 ualidioris
1294 1434 1496 1487 quidquid
1537 1448 1623 1474 non
1675 1435 1895 1476 resistebat
1936 1489 1938 1492 y

260 1506 508 1554 abductum,
551 1505 974 1558 circumscriptiones,
1019 1504 1146 1553 furta,
1184 1504 1368 1553 fraudes,
1410 1504 1697 1554 infitiationes,
1746 1505 1894 1558 quibus

259 1577 365 1616 trina
396 1590 480 1616 non
512 1576 717 1616 sufficiunt
748 1575 848 1615 fora.
910 1577 943 1615 si
973 1581 1137 1615 tantum
1169 1576 1286 1615 irasci
1318 1576 1378 1615 uis
1409 1577 1660 1629 sapientem,
1692 1583 1894 1628 quantum

259 1647 462 1686 scelerum
485 1638 706 1700 indignitas
729 1648 870 1699 exigit,
902 1661 987 1686 non
1019 1648 1280 1686 irascendum
1309 1646 1373 1694 illi,
1405 1648 1481 1687 sed
1509 1647 1796 1687 insaniendum
1821 1653 1894 1687 est.

378 1718 429 1758 X.
472 1718 578 1758 Illud
610 1719 748 1772 potius
771 1718 989 1770 cogitabis,
1021 1731 1105 1757 non
1134 1731 1224 1757 esse
1246 1717 1505 1757 irascendum
1529 1718 1749 1761 erroribus,
1794 1719 1894 1771 quid

260 1790 382 1837 enim,
415 1790 447 1828 si
479 1790 569 1842 quis
601 1790 799 1829 irascatur
830 1785 870 1828 i'n
902 1789 1084 1828 tenebris
1117 1802 1263 1842 parum
1287 1789 1461 1839 uestigia
1483 1794 1596 1827 certa
1616 1789 1892 1841 ponentibus?

260 1860 380 1912 quid,
423 1861 457 1899 si
498 1861 588 1912 quis
629 1861 761 1900 surdis
804 1861 977 1913 imperia
1008 1873 1093 1898 non
1125 1859 1469 1898 exaudientibus?
1523 1860 1638 1911 quid,
1681 1860 1714 1899 si
1745 1860 1893 1913 pueris,

260 1931 375 1982 quod
418 1930 612 1983 neglecto
656 1932 844 1983 dispectu
890 1930 1120 1971 officiorum
1153 1931 1207 1969 ad
1245 1930 1355 1969 lusus
1389 1936 1429 1969 et
1462 1931 1627 1982 ineptos
1659 1931 1893 1983 aequalium

259 2001 374 2040 iocos
416 2004 634 2053 spectent?
698 2003 818 2055 quid,
862 2002 895 2041 si
935 2001 1133 2041 inbecillis
1174 2001 1291 2040 irasci
1335 2001 1456 2049 uelis,
1501 2002 1616 2054 quod
1658 2007 1893 2053 aegrotant,

258 2078 492 2120 senescunt,
524 2072 773 2124 fatigantur?
827 2073 932 2112 inter
970 2079 1108 2111 cetera
1140 2071 1402 2111 mortalitatis
1434 2073 1706 2111 incommoda
1738 2078 1779 2111 et
1811 2071 1893 2112 hoc

260 2148 343 2190 est,
387 2142 521 2194 caligo
565 2144 767 2183 mentium
809 2157 886 2182 nec
927 2148 1091 2182 tantum
1134 2143 1358 2182 necessitas
1391 2142 1566 2190 errandi,
1598 2144 1673 2182 sed
1706 2156 1892 2183 errorum

259 2226 391 2253 amor.
464 2227 516 2253 ne
567 2214 737 2266 singulis
788 2214 1006 2262 irascaris,
1047 2214 1245 2253 uniuersis
1288 2213 1590 2265 ignoscendum
1635 2219 1708 2261 est,
1751 2214 1923 2266 generi⁴

259 2283 443 2323 humano
494 2285 613 2323 uenia
661 2285 880 2324 tribuenda
923 2290 995 2324 est.
1068 2285 1100 2323 si
1141 2285 1326 2323 irasceris
1374 2285 1589 2324 iuuenibus
1630 2284 1891 2337 senibusque,

260 2450 279 2481 2
307 2449 409 2479 coorti
436 2452 487 2480 sut
517 2448 565 2490 (in
593 2458 680 2488 ras„
703 2448 775 2492 sitit
798 2448 962 2491 fortasse
987 2449 1138 2489 coartati)
1251 2450 1270 2478 (ἱ
1297 2449 1458 2492 nouercae
1571 2452 1592 2477 ἡ·
1619 2448 1788 2480 describsit

259 2518 296 2537 ex
330 2517 392 2537 una
426 2508 529 2548 parte]
564 2518 601 2537 ex
635 2519 697 2538 uno
733 2519 871 2549 corpore
906 2506 1109 2541 dubitanter
1143 2506 1242 2541 Koch
1277 2506 1368 2542 conl.
1406 2507 1450 2542 de
1482 2506 1582 2541 clem.
1614 2510 1644 2547 1,
1682 2508 1733 2546 12,
1761 2507 1779 2538 2
1806 2507 1832 2537 si
1859 2507 1891 2538 in

259 2566 377 2596 hostile
403 2576 521 2596 nomen
549 2566 635 2596 ciues·
662 2571 691 2597 et
718 2578 754 2598 ex
783 2568 897 2598 eodem
927 2578 1064 2608 corpore
1091 2567 1219 2608 abrupti
1245 2568 1437 2607 transierint,
1464 2565 1563 2611 quod
1579 2564 1785 2610 exemplam
1811 2575 1890 2598 cum

259 2623 341 2657 aliis
367 2623 522 2657 eiusdem
547 2624 693 2668 glomeris
726 2624 852 2668 adfert
878 2624 983 2659 Kritz
1010 2624 1061 2659 ad
1090 2624 1176 2658 Vell.
1205 2623 1284 2659 Pac.
1313 2628 1345 2668 2,
1377 2628 1452 2666 109,
1482 2628 1495 2658 1
1618 2625 1652 2657 ll
1685 2625 1890 2667 inquirendas

262 2683 389 2716 Gertz:
419 2684 625 2724 conqrendas
747 2684 778 2717 ΙῙ
809 2685 936 2716 libidini
964 2684 1090 2719 celeri:
1120 2685 1257 2716 libidine
1373 2684 1414 2717 '18
1439 2685 1526 2726 (4ch
1645 2684 1687 2716 13)
1714 2684 1889 2715 abductum

259 2739 455 2775 Pincianus
481 2746 514 2775 cl
540 2741 620 2775 alli:
650 2744 796 2776 adducti]
915 2745 958 2777 255
986 2748 1073 2775 certa
1099 2753 1169 2777 non
1196 2744 1283 2774 circa
1310 2742 1388 2776 cod.
1510 2742 1554 2776 26
1582 2743 1740 2774 inbecillis
1766 2740 1886 2776 Koch:

260 2801 321 2831 illis
348 2799 438 2843 cod„
472 2800 571 2844 quod
597 2799 784 2835 Schultess
817 2801 853 2835 in
879 2803 951 2833 aliis
978 2805 1101 2842 mulcet,
1133 2800 1237 2835 Gertz
1274 2801 1322 2835 ila
1357 2806 1477 2836 tuetur
1502 2805 1539 2835 uc
1558 2807 1649 2847 post
1672 2801 1750 2833 uelis
1776 2799 1890 2834 addat

259 2861 312 2900 qui
340 2860 488 2891 labuntur

1918 2226 1938 2259 lv
