2008 3221
218 863 248 889 10

217 1218 246 1243 15

210 1573 243 1598 20

211 1929 244 1954 25

280 125 357 164 156
588 120 691 148 DIAL.
712 120 774 147 V11.
813 120 868 145 AD
890 119 1124 146 GALLIONEM
1145 119 1197 144 DE
1217 120 1309 145 VITA
1331 120 1472 147 BEATA.
1514 123 1537 148 1.
1557 121 1585 147 2.

271 224 386 265 sunt,
429 231 506 256 nec
548 217 601 255 ad
644 216 848 255 rationem
891 216 967 255 sed
1009 217 1063 255 ad
1104 216 1412 256 similitudinem
1447 218 1630 257 uiuimus.
1694 217 1788 256 inde
1820 217 1898 256 ista

272 295 388 329 tanta
430 288 690 327 coaceruatio
733 286 906 326 aliorum
949 300 1072 338 super
1114 286 1215 326 alios
1257 288 1473 328 ruentium.
1535 288 1651 340 quod
1688 288 1727 326 in
1759 293 1899 339 strage
1926 297 1945 329 4

270 360 485 399 hominum
529 371 683 409 magna
726 359 884 405 euenit,
928 371 1022 396 cum
1065 358 1153 410 ipse
1184 371 1229 396 se
1261 358 1439 411 populus
1471 359 1642 412 premit,
1686 371 1811 397 nemo
1843 359 1900 398 ita

271 430 392 477 cadit,
425 436 468 468 ut
501 436 585 468 non
618 435 658 467 et
691 428 816 468 alium
849 429 889 467 in
920 442 964 467 se
997 428 1203 477 adtrahat,
1236 429 1438 481 primique
1471 430 1598 468 exitio
1631 429 1899 481 sequentibus

270 506 385 547 sunt,
428 499 508 539 hoc
550 499 590 538 in
622 499 736 538 omni
777 499 862 539 uita
893 499 1082 538 accidere
1115 500 1257 538 uideas
1290 500 1404 539 licet:
1442 513 1576 561 ⁶nemo
1609 498 1684 538 sibi
1717 504 1897 538 tantum-

271 571 401 609 modo
434 576 554 618 errat,
587 571 662 609 sed
695 569 813 609 alieni
846 569 994 609 erroris
1027 575 1067 609 et
1101 583 1224 609 causa
1257 576 1298 609 et
1329 576 1476 610 auctor
1507 576 1581 610 est.
1634 576 1759 609 nocet
1790 569 1899 609 enim

270 641 465 694 adplicari
498 640 840 681 antecedentibus
873 646 914 680 et
947 642 1047 680 dum
1081 642 1360 694 unusquisque
1391 641 1550 681 mauult
1582 641 1752 681 credere
1773 654 1899 693 quam

268 713 468 760 iudicare,
512 726 741 765 numquam
785 713 837 751 de
880 712 963 752 uita
1003 713 1223 760 iudicatur,
1262 725 1428 768 semper
1469 712 1649 752 creditur
1680 717 1901 765 uersatque

269 797 344 823 nos
398 790 439 822 et
491 784 757 836 praecipitat.
787 784 964 822 traditus
1017 797 1091 835 per
1144 796 1289 822 manus
1343 783 1485 822 error?
1529 781 1670 823 alienis
1718 785 1900 836 perimus

270 854 494 907 exemplis:
541 854 800 901 sanabimur,
843 867 1085 907 separemur
1127 855 1258 894 modo
1291 867 1316 893 a
1348 860 1483 893 coetu.
1544 867 1653 895 nunc
1686 867 1785 894 uero
1817 860 1901 894 stat
1927 862 1946 896 5

269 931 414 964 contra
446 926 648 964 rationem
683 924 877 964 defensor
910 924 1005 964 mali
1036 925 1097 964 sui
1128 925 1317 978 populus.
1370 925 1507 977 itaque
1539 925 1581 964 id
1613 925 1750 965 euenit
1782 926 1898 978 quod

269 997 308 1035 in
343 996 531 1044 comitiis,
565 996 604 1035 in
635 995 784 1048 quibus
817 995 1008 1035 consules
1041 995 1173 1035 factos
1207 1002 1248 1035 et
1280 1001 1491 1049 praetores
1522 996 1649 1036 iidem
1676 996 1744 1049 qui
1767 995 1901 1035 fecere

268 1067 488 1114 mirantur,
542 1080 635 1106 cum
688 1081 733 1106 se
786 1057 952 1106 mobilis
994 1065 1111 1106 fauor
1154 1067 1404 1119 circumegit.
1468 1067 1618 1106 eadem
1660 1067 1900 1119 probamus,

267 1139 415 1177 eadem
449 1137 813 1190 reprehendimus:
851 1137 916 1177 hic
949 1138 1085 1177 exitus
1118 1145 1180 1177 est
1214 1138 1349 1177 omnis
1382 1137 1536 1186 iudicii,
1569 1138 1607 1176 in
1639 1151 1722 1190 quo
1754 1151 1897 1177 secun-

267 1210 367 1248 dum
401 1208 539 1262 plures
573 1210 705 1248 datur.

384 1280 431 1319 H.
495 1279 600 1319 Cum
644 1281 696 1319 de
736 1280 859 1320 beata
892 1281 975 1319 uita
1007 1280 1161 1332 agitur,
1195 1294 1279 1319 non
1313 1286 1375 1320 est
1407 1281 1523 1333 quod
1556 1280 1653 1319 mihi
1686 1280 1783 1320 illud
1817 1281 1895 1320 dis-
1931 1288 1942 1321 l

266 1351 498 1391 cessionum
543 1365 660 1390 more
693 1352 968 1403 respondeas:
1016 1351 1119 1391 haec
1150 1364 1246 1404 pars
1280 1351 1411 1391 maior
1442 1364 1533 1391 esse
1566 1351 1739 1391 uidetur.
1800 1352 1897 1391 ideo

265 1423 373 1462 enim
416 1423 533 1475 peior
571 1408 648 1462 ξεῖ.
711 1436 795 1461 non
838 1428 923 1462 tam
967 1422 1075 1461 bene
1117 1436 1211 1461 cum
1256 1422 1379 1462 rebus
1421 1422 1613 1462 humanis
1655 1423 1810 1474 agitur,
1855 1428 1899 1462 ut

265 1493 437 1533 meliora
469 1493 653 1546 pluribus
686 1493 898 1545 placeant:
935 1499 1230 1545 argumentum
1263 1493 1431 1546 pessimi
1462 1493 1586 1534 turba
1608 1500 1682 1533 est.
1725 1507 1896 1547 quaera-
1925 1499 1945 1533 2

264 1578 356 1604 mus
389 1578 502 1616 ergo,
536 1565 633 1617 quid
667 1565 874 1616 optimum
907 1564 1016 1604 factu
1049 1565 1111 1613 sit,
1144 1578 1228 1604 non
1251 1565 1351 1617 quid
1374 1564 1699 1612 usitatissimum,
1734 1571 1775 1604 et
1797 1564 1897 1617 quid

265 1649 340 1675 nos
383 1636 419 1674 in
464 1637 727 1688 possessione
759 1635 960 1675 felicitatis
993 1641 1187 1675 aeternae
1220 1636 1466 1684 constituat,
1510 1649 1594 1675 non
1626 1636 1724 1688 quid
1758 1635 1897 1688 uolgo,

266 1707 446 1746 ueritatis
498 1708 681 1759 pessimo
730 1707 964 1758 interpreti,
1018 1706 1244 1760 probatum
1287 1708 1349 1747 sit.
1412 1706 1584 1759 uolgum
1628 1713 1768 1747 autem
1811 1713 1898 1747 tam

265 1777 559 1829 chlamydatos
601 1791 727 1830 quam
771 1784 996 1818 coronatos
1039 1791 1158 1818 uoco.
1221 1791 1305 1818 non
1348 1778 1457 1817 enirn
1491 1777 1675 1818 colorem
1709 1778 1898 1825 uestium,

265 1848 412 1901 quibus
454 1854 677 1901 praetexta
718 1854 813 1888 sunt
855 1862 1055 1901 corpora,
1098 1850 1294 1902 adspicio.
1357 1848 1484 1889 oculis
1528 1849 1581 1888 de
1613 1848 1782 1888 homine
1815 1862 1899 1888 non

265 1921 404 1960 credo.
447 1919 585 1959 habeo
619 1919 763 1959 melius
796 1926 838 1960 et
870 1921 1020 1960 certius
1052 1919 1202 1968 lumen,
1235 1934 1319 1972 quo
1342 1934 1366 1960 a
1388 1919 1497 1960 salsis
1531 1933 1628 1959 uera
1650 1920 1895 1960 diiudicern:

264 1991 389 2030 animi
431 1991 589 2030 bonum
632 1991 792 2030 animus
834 1992 1024 2031 inueniat.
1089 1991 1174 2040 hie,
1217 1992 1248 2031 si
1294 2004 1494 2044 umquam
1537 1991 1737 2044 respirare
1768 1990 1822 2031 illi
1855 1998 1894 2031 et

265 2062 460 2101 recedere
503 2062 541 2101 in
583 2076 628 2101 se
672 2063 901 2111 uacauerst,
946 2076 970 2101 o
1014 2076 1139 2114 quam
1183 2061 1259 2103 sibi
1301 2063 1389 2115 ipse
1432 2075 1577 2102 uerum
1619 2068 1755 2102 tortus
1798 2075 1822 2101 a
1853 2075 1898 2101 se

275 2239 280 2271 1
313 2239 368 2270 sed
396 2239 438 2268 ad
467 2239 525 2279 (ad
552 2238 588 2271 in
613 2242 700 2272 ras.)
825 2240 844 2272 2
872 2240 1071 2271 concertatio
1100 2241 1134 2282 (n
1160 2243 1193 2272 el
1220 2244 1229 2270 l
1255 2242 1366 2280 corr.)
1473 2237 1490 2269 *l
1521 2239 1663 2270 attrahat
1692 2237 1838 2283 (priort
1864 2237 1899 2271 in

267 2308 353 2352 ras.)
482 2310 501 2339 ἵ»
529 2311 640 2341 uideas
667 2310 716 2351 (as
742 2309 776 2343 in
803 2311 892 2353 ras.)
1016 2310 1035 2343 7
1063 2311 1221 2353 applicari
1249 2310 1367 2355 (prior
1394 2321 1413 2350 p
1440 2309 1473 2342 in
1503 2314 1589 2351 ras.)
1734 2308 1756 2342 8
1782 2298 1802 2340 d
1835 2310 1900 2341 uita

268 2369 302 2423 (cl
330 2379 365 2413 in
393 2382 481 2421 ras.)
640 2385 813 2423 uersatq3÷÷
960 2382 979 2413 ξ)
1015 2383 1126 2413 alienis
1164 2379 1292 2416 Gertz:
1332 2382 1478 2423 alienisq.
1508 2380 1697 2425 (fi-postea
1723 2378 1899 2421 additum)

410 2440 449 2473 10
484 2451 671 2482 separemur
697 2441 798 2471 modo
829 2438 956 2474 Gerlz:
987 2441 1011 2471 si
1039 2451 1225 2482 separemur
1251 2441 1352 2471 modo
1475 2446 1563 2471 acetu
1685 2438 1728 2471 12
1755 2439 1900 2470 consules

269 2500 371 2530 factos
406 2504 434 2530 et
471 2503 635 2541 praetores
662 2497 762 2533 Koch
798 2499 861 2542 (cfi
889 2510 943 2544 ep.
976 2501 1052 2539 104,
1079 2502 1098 2531 9
1134 2500 1218 2530 male
1245 2505 1274 2530 te
1301 2500 1435 2530 habebit
1463 2499 1515 2530 ille
1542 2498 1653 2530 consul
1679 2498 1814 2540 factus):
1845 2508 1900 2529 eos

269 2558 372 2589 factos
399 2568 466 2589 esse
493 2563 657 2598 praetores
684 2557 775 2598 cod„
803 2557 836 2591 in
865 2568 936 2603 qua
962 2557 1146 2602 scriptura
1172 2569 1228 2589 eos
1248 2567 1407 2602 prorsus
1432 2554 1656 2591 intolerabile
1683 2561 1734 2590 esc

268 2617 372 2647 secere
400 2617 447 2657 (re
474 2615 507 2648 iu
537 2618 624 2657 ras.)
757 2617 788 2649 14
820 2618 932 2648 eadem
961 2618 1035 2647 dein
1061 2616 1196 2650 iniuria
1226 2616 1343 2655 Gertz,
1371 2615 1482 2659 cs128
1511 2617 1667 2657 fugientes
1693 2619 1899 2657 petentesque

267 2676 381 2707 cadem
545 2677 810 2717 reprehendimus
979 2675 1015 2710 16
1043 2677 1148 2716 agitur
1175 2674 1250 2709 El:
1281 2682 1393 2717 agetur
1568 2674 1604 2707 17
1631 2675 1752 2705 maio*

267 2734 304 2766 21
345 2739 452 2765 eterne
574 2735 671 2775 uulgo
793 2736 837 2768 ⁴32
872 2741 938 2766 tam
966 2735 1161 2766 elamidatos
1189 2734 1236 2777 (ιή
1266 2735 1354 2776 ras.)
1381 2745 1477 2775 quam
1505 2739 1679 2765 coronatos
1707 2732 1785 2767 cod.
1811 2731 1900 2766 haec

265 2792 397 2827 uitiosa
424 2802 500 2826 esse
522 2792 636 2836 facile
663 2798 839 2837 appare383
870 2798 934 2824 tam
963 2794 1157 2825 candidatos
1184 2804 1280 2834 quam
1309 2794 1472 2824 coloratos
1501 2791 1657 2837 Lipsius,
1683 2796 1717 2826 et
1743 2790 1897 2826 colorem

267 2851 417 2885 uestium
444 2851 684 2895 siynificalum
711 2862 787 2886 esse
813 2852 997 2896 sequentia
1026 2850 1174 2889 docent3
1205 2851 1354 2887 meliora
1371 2861 1442 2886 non
1463 2851 1604 2885 inuenio
1701 2850 1745 2885 24
1772 2851 1897 2892 aspicio
