1977 3231
61 85 74 102 st

55 213 74 245 9

33 638 73 671 10

34 1199 67 1231 ll

33 1832 67 1865 155

33 2113 39 2145 l
57 2112 67 2145 i

516 113 690 138 ACCIDAN
703 113 720 138 Γ
747 113 828 139 CVM
857 112 1127 138 PROVIDENTIA
1154 112 1224 138 Sl'r.
1252 111 1304 138 111.
1700 115 1722 153 7

101 210 166 250 ille
202 209 270 262 qui
313 208 450 260 legem
485 209 719 249 Corneliam
753 209 854 250 tulit.
923 209 1135 249 ueniamus
1168 209 1222 248 ad
1254 207 1489 259 Regulum:
1536 208 1636 260 quid
1671 208 1724 247 illi

100 280 263 320 fortuna
295 279 445 327 nocuit,
478 281 592 331 quod
625 279 736 319 illum
771 281 1071 320 documentum
1095 279 1201 327 fidei,
1235 280 1535 318 documentum
1565 278 1723 330 patien-
1767 304 1770 306 -

99 351 178 390 tiae
226 349 341 389 fecit?
410 350 541 400 figunt
589 356 726 389 cutem
770 350 873 390 claui
915 356 956 389 et
1001 362 1268 402 quocumque
1312 348 1530 401 fatigatum
1575 363 1724 401 corpus

100 420 329 469 reclinauit,
372 420 528 459 uolneri
571 421 790 468 incumbit,
834 421 872 459 in
904 426 1150 472 perpetuam
1184 419 1363 471 uigiliam
1396 433 1598 472 suspensa
1628 425 1724 459 sunt

98 491 271 531 lumina:
328 497 484 542 quanto
527 490 618 543 plus
661 492 858 530 tormenti
900 497 1018 530 tanto
1062 491 1154 543 plus
1195 491 1270 529 erit
1301 490 1468 541 gloriae.
1531 490 1591 529 uis
1622 491 1725 530 scire

99 575 223 614 quam
268 575 352 600 non
384 561 593 613 paeniteat
624 561 706 600 hoc
738 561 870 613 pretio
903 561 1145 600 aestimasse
1180 560 1399 600 uirtutem?
1453 561 1580 612 refige
1612 560 1723 600 illum

103 638 143 671 et
176 632 293 671 mitte
335 631 373 670 in
406 638 619 671 senatum:
673 632 849 671 eandem
888 631 1136 671 sententiam
1170 631 1292 670 dicet.
1366 630 1587 670 feliciorem
1623 645 1724 683 ergo

99 709 142 741 tu
186 703 475 741 Maecenatem
529 708 667 754 putas,
721 702 784 741 cui
826 702 1037 741 amoribus
1079 702 1206 741 anxio
1262 708 1303 740 et
1347 715 1540 741 morosae
1582 702 1724 741 uxoris

98 773 306 812 cotidiana
349 773 519 824 repudia
561 771 731 811 deflenti
763 786 934 812 somnus
968 786 1042 824 per
1074 771 1421 824 symphoniarum
1466 778 1633 811 cantum
1668 786 1722 812 ex

99 843 326 895 longinquo
375 842 466 882 lene
508 843 789 882 resonantium
833 844 1069 895 quaeritur?
1124 856 1240 881 mero
1283 857 1327 881 se
1369 842 1462 881 licet
1503 843 1639 894 sopiat
1682 849 1723 882 et

97 927 295 965 aquarum
340 912 572 965 fragoribus
613 921 763 953 auocet
801 920 842 952 et
876 913 985 952 mille
1018 913 1300 965 uoluptatibus
1337 920 1520 952 mentem
1554 913 1723 952 anxiam

97 983 219 1031 sallat,
252 989 338 1022 tam
372 982 559 1035 uigilabit
591 984 630 1022 in
662 983 804 1036 pluma
835 997 961 1035 quam
997 983 1060 1023 ille
1093 984 1132 1022 in
1155 997 1288 1023 cruce.
1351 984 1426 1022 sed
1449 983 1501 1021 illi
1523 983 1722 1022 solacium

97 1061 159 1094 est
200 1068 277 1106 pro
322 1053 500 1093 honesto
544 1054 647 1092 dura
684 1053 862 1093 tolerare
905 1060 945 1093 et
978 1055 1031 1093 ad
1064 1067 1231 1093 causam
1265 1067 1288 1092 a
1320 1053 1516 1105 patientia
1548 1054 1723 1106 respicit,

96 1124 205 1164 hunc
249 1124 532 1176 uoluptatibus
577 1124 804 1163 marcidum
839 1132 880 1164 et
912 1123 1105 1164 felicitate
1137 1124 1261 1163 nimia
1293 1123 1555 1163 laborantem
1590 1125 1722 1175 magis

97 1195 158 1234 his
180 1209 287 1247 quae
309 1195 462 1247 patitur
483 1200 612 1233 uexat
634 1208 758 1233 causa
779 1195 972 1247 patiendi.
1027 1208 1111 1233 non
1135 1208 1265 1246 usque
1287 1208 1337 1233 eo
1361 1195 1400 1233 in
1414 1195 1721 1247 possessionem
1761 1210 1776 1231 :2

96 1265 257 1317 generis
299 1265 468 1304 humani
510 1265 606 1304 uitia
648 1271 875 1313 uenerunt,
917 1272 961 1304 ut
1005 1264 1176 1304 dubium
1219 1266 1291 1313 sit,
1335 1279 1387 1304 an
1419 1264 1620 1304 electione
1654 1264 1723 1304 fati

95 1337 195 1375 data
235 1335 372 1388 plures
415 1335 526 1374 nasci
568 1335 717 1387 Reguli
759 1348 886 1387 quam
930 1335 1197 1374 Maecenates
1240 1335 1378 1374 uelint.
1447 1342 1517 1374 aut
1559 1337 1591 1375 si
1633 1336 1722 1388 quis

95 1406 235 1454 fuerit,
283 1407 352 1458 qui
394 1406 546 1445 audeat
590 1406 724 1445 dicere
767 1405 1057 1445 Maecenatem
1099 1419 1144 1444 se
1186 1419 1313 1457 quam
1357 1406 1566 1457 Regulum
1611 1407 1721 1445 nasci

97 1477 298 1525 maluisse,
331 1478 442 1517 idern
475 1477 561 1525 iste,
594 1484 731 1517 taceat
763 1477 867 1525 licet,
900 1478 1012 1516 nasci
1045 1490 1089 1516 se
1121 1476 1361 1516 Terentiam
1395 1476 1550 1516 maluit.
1613 1476 1721 1516 male

95 1554 316 1588 tractatum
350 1546 570 1588 Socratem
603 1548 768 1595 iudicas,
801 1548 917 1599 quod
950 1547 1061 1586 illam
1094 1547 1311 1600 potionem
1347 1547 1510 1599 publice
1544 1548 1720 1586 mixtam

96 1631 179 1657 non
211 1617 327 1657 aliter
359 1632 484 1670 quam
519 1619 871 1658 medicamentum
905 1617 1210 1657 inmortalitatis
1242 1618 1422 1657 obduxit
1446 1624 1487 1657 et
1509 1617 1562 1656 de
1585 1624 1720 1657 morte

95 1688 320 1740 disputauit
352 1701 483 1740 usque
515 1689 569 1727 ad
601 1689 759 1741 ipsam?
804 1688 912 1728 male
946 1702 1039 1728 cum
1062 1688 1131 1727 illo
1155 1695 1293 1728 actum
1318 1694 1391 1736 est,
1423 1687 1537 1740 quod
1559 1687 1721 1739 gelatus

96 1765 158 1799 est
194 1759 360 1810 sanguis
402 1772 451 1798 ac
493 1758 692 1811 paulatim
735 1758 886 1811 frigore
918 1759 1088 1798 inducto
1122 1772 1320 1798 uenarum
1363 1759 1481 1810 uigor
1513 1758 1720 1798 constitit?

95 1835 252 1881 quanto
301 1830 434 1881 magis
484 1829 578 1869 huic
630 1829 899 1869 inuidendum
950 1835 1012 1869 est
1059 1842 1186 1881 quam
1235 1828 1309 1868 illis
1351 1829 1500 1881 quibus
1552 1841 1722 1879 gemma

95 1900 367 1947 ministratur,
409 1900 560 1952 quibus
602 1900 795 1939 exoletus
838 1900 978 1939 omnia
1009 1900 1095 1952 pati
1128 1901 1277 1939 doctus
1316 1906 1491 1939 exectae
1524 1899 1721 1939 uirilitatis
1743 1912 1756 1935 2

95 1976 166 2010 aut
208 1970 359 2010 dubiae
400 1984 645 2023 suspensam
689 1984 790 2010 auro
833 1971 969 2010 niuem
1016 1970 1157 2010 diluit?
1210 1970 1251 2009 hi
1290 1971 1491 2022 quidquid
1530 1971 1724 2010 biberunt

95 2042 255 2081 uomitu
306 2042 575 2081 remetientur
629 2042 765 2081 tristes
818 2049 859 2081 et
903 2041 1028 2080 bilem
1072 2055 1189 2081 suam
1240 2047 1523 2093 regustantes,
1576 2046 1617 2080 at
1659 2041 1723 2080 ille

96 2125 303 2152 uenenum
335 2111 467 2152 laetus
500 2120 541 2152 et
573 2112 704 2152 libens
726 2112 898 2151 hauriet.
951 2113 1067 2164 quod
1091 2113 1144 2151 ad
1168 2111 1373 2152 Catonem
1404 2111 1593 2164 pertinet,
1626 2112 1724 2151 satis

97 2183 253 2223 dictum
277 2189 339 2222 est
362 2196 656 2235 summamque
678 2182 730 2222 illi
753 2183 987 2222 felicitatem
1011 2183 1235 2235 contigisse
1259 2195 1484 2222 consensus
1506 2182 1722 2222 hominum

96 2253 301 2293 fatebitur.
368 2266 494 2305 quern
544 2253 619 2292 sibi
662 2266 798 2292 rerum
841 2259 989 2292 natura
1036 2252 1192 2305 delegit
1234 2266 1328 2292 cum
1371 2266 1455 2305 quo
1498 2254 1724 2292 metuenda

97 2323 335 2364 conlideret.
416 2323 646 2363 inimicitiae
689 2324 922 2375 potentium
967 2337 1115 2375 graues
1147 2330 1267 2363 sunt:
1324 2330 1561 2376 opponatur
1604 2322 1723 2362 simul

96 2394 312 2447 Pompeio,
345 2393 522 2442 Caesari,
556 2394 718 2434 Crasso.
771 2407 899 2445 graue
931 2401 993 2434 est
1026 2408 1049 2433 a
1077 2393 1352 2434 deterioribus
1373 2393 1534 2433 honore
1555 2393 1719 2433 anteiri:

98 2548 117 2579 '2
145 2546 356 2577 docuffitum·
383 2547 535 2588 patientie
564 2546 673 2584 (jfidei
702 2547 890 2579 (locur'ntum
926 2557 968 2578 m.
995 2549 1012 2578 2
1041 2545 1074 2578 in
1103 2544 1277 2590 marqz'nel
1400 2545 1417 2578 »i
1449 2546 1568 2576 uulneri
1603 2546 1725 2577 incubit

216 2606 405 2646 inppetuum
511 2607 529 2634 Ιῖ
557 2606 721 2637 estimasse
819 2607 917 2647 relige
944 2602 1081 2638 sodalis
1108 2602 1258 2637 Gerlze'i:
1289 2604 1383 2635 refice
1477 2608 1497 2631 Η
1524 2612 1723 2636 mecenatem

217 2665 332 2694 anexio
430 2664 463 2697 iu
484 2663 646 2708 marqz'ne
664 2665 739 2698 711.ss
760 2675 908 2701 morose,
929 2664 1051 2705 uulgari
1070 2673 1218 2694 sermone
1237 2664 1376 2704 muriose
1396 2664 1644 2703 (murmuriosae
1663 2665 1692 2697 1³»
1713 2663 1723 2693 l

101 2734 298 2764 amaricatae
418 2735 454 2766 lu
472 2735 609 2775 queritur
731 2736 766 2767 12>
785 2735 929 2775 uigilauit
1048 2734 1083 2765 13»
1104 2734 1187 2764 idem
1209 2726 1262 2744 ¹⁵¹⁰
1382 2735 1425 2765 'lli
1452 2734 1604 2774 quicquid

311 2783 340 2816 n‘t

101 2825 140 2860 ‘21
172 2828 373 2859 remetierunt
472 2828 509 2860 ,Ἣ
542 2829 710 2859 inimicitie
738 2829 768 2868 (e
795 2837 888 2861 corr.
898 2823 914 2866 )“
1004 2830 1046 2860 ΣΥ.)
1075 2828 1198 2858 honore
1225 2835 1259 2868 (χο
1286 2824 1402 2860 altera
1429 2836 1478 2860 ea*
1505 2838 1521 2858 e
1540 2837 1652 2867 corr.)

1747 857 1775 880 10

1742 1560 1775 1583 'zu

1744 2270 1758 2292 :i
1762 2270 1776 2293 (i
