2008 3221
270 117 342 155 124
596 112 700 138 DIAL.
724 112 773 139 Vl.
813 112 866 136 Al)
888 110 1076 137 MARCIAM
1099 111 1151 136 DE
1171 111 1492 139 CONSOLATIONE.
1533 115 1558 139 25.

263 210 404 249 itinere
437 209 625 261 reliquias
647 208 770 247 Drusi
803 208 861 247 sui
895 214 1116 260 prosecuta
1149 213 1212 247 tot
1244 222 1319 260 per
1351 222 1521 248 omnem
1547 208 1709 248 Italiam
1742 210 1889 248 arden-

262 280 372 319 tibus
406 281 527 331 rogis,
561 280 675 331 quasi
709 279 861 318 totiens
883 279 995 318 illum
1019 280 1240 327 amitteret,
1273 279 1447 328 inritata,
1481 285 1524 319 ut
1546 280 1726 332 primum
1749 285 1891 319 tamen

263 350 395 389 intulit
427 350 610 398 tumulo,
652 349 773 389 simul
818 356 858 389 et
890 349 1002 390 illum
1037 356 1078 389 et
1110 349 1301 390 dolorem
1343 364 1463 390 suum
1496 351 1653 403 posuit,
1696 364 1771 389 nec
1802 349 1894 403 plus

265 421 394 460 doluit
431 434 558 473 quam
602 427 671 459 aut
713 420 936 460 honestum
981 427 1069 460 erat
1112 421 1151 460 in
1184 420 1362 461 Caesare
1405 428 1474 461 aut
1516 434 1695 473 aequum
1728 422 1766 460 in
1799 420 1894 460 filio.
1949 425 1954 434 “

228 505 242 528 5
263 505 347 530 non
390 491 508 530 desiit
551 492 730 543 denique
764 491 885 530 Drusi
928 492 988 531 sui
1027 491 1239 531 celebrare
1270 505 1447 541 nomen,
1489 492 1642 544 ubique
1674 491 1786 531 illum
1819 491 1895 531 sibi

264 563 455 614 priuatim
489 561 737 614 publiceque
769 568 1094 615 repraesentare,
1127 562 1396 602 libentissime
1430 563 1482 601 de
1504 562 1572 602 illo
1595 562 1718 615 loqui,
1751 561 1804 602 de
1826 561 1894 602 illo

263 633 427 672 audire:
475 646 569 672 cum
603 633 806 672 memoria
838 632 940 673 illius
972 634 1085 673 uixit.
1155 647 1281 686 quam
1314 647 1440 673 nemo
1472 639 1614 686 potest
1646 634 1822 673 retinere
1854 639 1896 672 et

262 703 545 756 frequentare3
589 704 658 756 qui
700 703 809 743 illam
856 704 1015 744 tristem
1058 704 1134 744 sibi
1166 705 1359 744 reddidit.
1422 703 1528 757 elige
1559 705 1715 756 itaque,
1757 710 1894 743 utrum
1922 712 1940 741 5·

264 775 507 827 exemplum
550 782 671 828 putes
713 775 996 828 probabilius:
1045 776 1077 816 si
1115 775 1213 815 illud
1245 777 1357 830 prius
1389 775 1504 828 sequi
1537 776 1618 824 uis,
1661 775 1822 815 eximes
1853 779 1896 813 te

214 857 243 881 ¹0
265 841 440 886 numero
480 847 680 885 uiuorum.
744 846 1000 886 auersaberis
1033 852 1075 887 et
1106 846 1262 887 alienos
1294 847 1446 886 liberos
1479 853 1520 887 et
1552 853 1647 886 tuos
1679 846 1897 899 ipsumque

263 931 387 970 quem
423 918 646 966 desideras,
678 918 795 957 triste
818 918 1020 957 matribus
1043 931 1169 958 omen
1192 931 1394 966 occurres,
1428 917 1664 970 uoluptates
1685 916 1897 964 honestas,

263 989 507 1042 permissas,
548 994 763 1041 tamquam
807 1002 954 1041 parum
999 990 1175 1028 decoras
1217 988 1407 1029 fortunae
1439 995 1536 1028 tuae
1568 989 1729 1036 reicies,
1771 987 1898 1026 inuita

263 1058 453 1099 haerebis
485 1060 524 1098 in
547 1059 637 1099 luce
660 1066 701 1099 et
725 1060 850 1099 aetati
873 1066 981 1108 tuae,
1013 1060 1127 1113 quod
1152 1074 1235 1100 non
1258 1055 1501 1113 praecipitet
1523 1066 1564 1099 te
1587 1059 1897 1112 quamprimum

265 1136 305 1169 et
336 1129 471 1179 finiat,
515 1129 778 1170 infestissima
810 1132 888 1170 eris
962 1133 1077 1184 quod
1110 1131 1393 1184 turpissimum
1425 1130 1802 1182 alienissimumque
1835 1134 1897 1167 est

214 1213 242 1237 15
264 1201 402 1240 animo
445 1207 518 1240 tuo
560 1202 599 1241 in
642 1201 859 1241 meliorem
902 1208 1005 1242 noto
1048 1208 1233 1255 partem,
1277 1202 1477 1242 ostendes
1522 1207 1563 1241 te
1603 1202 1741 1241 uiuere
1774 1199 1897 1259 nolle,

265 1272 370 1311 mori
422 1286 506 1311 non
558 1286 693 1326 posse.
766 1273 798 1312 si
851 1274 903 1312 ad
958 1273 1040 1312 hoc
1089 1274 1300 1313 maximae
1349 1272 1527 1312 feminae
1570 1278 1611 1312 te
1654 1271 1897 1324 exemplum
1933 1277 1940 1286 '

263 1342 508 1395 adplicueris
541 1344 797 1383 moderatius
830 1344 979 1392 mitius,
1011 1357 1096 1383 non
1125 1345 1204 1384 eris
1226 1344 1265 1383 in
1287 1344 1493 1383 aerumnis
1515 1357 1592 1382 nec
1614 1349 1655 1382 te
1677 1342 1898 1382 tormentis

265 1415 506 1454 macerabis.
559 1428 665 1467 quae
698 1415 820 1461 enim,
854 1415 1022 1463 malum,
1055 1415 1237 1454 amentia
1270 1420 1332 1454 est
1360 1427 1519 1467 poenas
1541 1427 1565 1452 a
1587 1427 1631 1453 se
1653 1412 1898 1452 infelicitatis

264 1485 434 1536 exigere
476 1491 517 1524 et
559 1485 668 1525 mala
712 1499 785 1525 sua
826 1499 911 1525 non
950 1486 1157 1535 minuere,
1203 1485 1282 1524 sed
1309 1487 1489 1537 augere?
1552 1497 1679 1538 quam
1712 1485 1751 1523 in
1783 1484 1898 1523 omni

211 1566 244 1591 20
265 1556 349 1595 uita
381 1556 553 1596 seruasti
587 1570 751 1595 morum
784 1556 1040 1608 probitatem
1074 1563 1115 1597 et
1147 1557 1455 1604 uerecundiam,
1488 1558 1527 1596 in
1559 1557 1637 1596 hac
1666 1568 1834 1608 quoque
1856 1568 1900 1594 re

264 1627 520 1679 praestabis:
567 1634 629 1666 est
671 1628 780 1666 enim
813 1628 1022 1680 quaedam
1055 1634 1097 1668 et
1130 1627 1301 1668 dolendi
1334 1628 1552 1668 modestia.
1616 1627 1729 1667 illum
1763 1628 1898 1680 ipsum

265 1697 468 1746 iuuenem,
503 1698 801 1750 dignissimum,
830 1700 898 1751 qui
921 1705 963 1739 te
985 1698 1138 1739 laetam
1161 1713 1328 1752 semper
1349 1699 1587 1739 nominatus
1609 1699 1900 1751 cogitatusque
1947 1714 1949 1717 ·

268 1875 286 1904 5²,
315 1878 344 1904 et
371 1875 457 1905 illum
486 1885 564 1908 cnm
594 1874 707 1920 Neap.
735 1874 878 1908 inclusit
905 1873 1100 1908 Pincianus
1127 1875 1217 1909 satis
1243 1874 1427 1919 eleqanter
1555 1874 1575 1907 4
1603 1886 1712 1906 cesare
1739 1880 1792 1906 aut
1817 1886 1900 1917 equo

269 1934 377 1964 maluo
413 1932 509 1974 cod.5
546 1933 640 1967 unde
674 1935 705 1965 in
732 1936 873 1966 Caesare
909 1939 959 1965 aut
994 1946 1129 1975 aequum
1164 1936 1194 1965 in
1224 1935 1289 1965 {ilio
1325 1932 1444 1978 effecit
1471 1932 1642 1978 llIadm'y:
1684 1937 1824 1966 Caesare
1850 1940 1902 1965 aut

270 2003 404 2033 aequum
443 1993 543 2024 altero
581 1994 646 2024 filio
679 1994 769 2025 saluo
808 1991 936 2033 Gertz,
980 1994 1043 2037 qni
1075 1993 1207 2026 iniuria
1242 1992 1424 2027 contendit
1460 1992 1626 2027 Caesaris
1660 1993 1802 2027 nomine
1834 1992 1906 2026 nisi

271 2053 466 2096 Auquslum
487 2052 690 2096 st'qntficttrz'
712 2063 781 2086 non
805 2063 934 2097 possm
962 2064 1059 2095 quam
1080 2058 1131 2084 aut
1151 2054 1320 2084 honestum
1340 2059 1407 2084 erat
1425 2059 1475 2084 aut
1498 2064 1633 2094 aequum
1652 2053 1742 2083 saluo
1761 2053 1903 2084 Caesare

272 2108 459 2144 Schultess
489 2122 607 2155 praue
640 2110 782 2146 honesti
812 2115 845 2145 et
877 2112 986 2156 aequi
1017 2111 1161 2146 notione
1195 2112 1441 2156 contraposita
1603 2112 1622 2142 ἵ)
1649 2113 1774 2153 ubiq;-::-:-

271 2171 290 2201 (j,
324 2171 487 2212 puplieeq3
618 2171 628 2204 ἶ
666 2182 739 2203 cum
765 2173 925 2203 memoria
958 2172 1040 2202 illius
1067 2173 1143 2203 uixit
1176 2183 1272 2213 quam
1300 2171 1442 2205 Haase:
1481 2182 1553 2202 cum
1580 2172 1739 2202 memoria
1765 2171 1823 2202 lius
1850 2171 1901 2201 uix

390 2231 582 2261 memoriam
611 2236 717 2262 autem
745 2242 841 2262 nemo
869 2235 974 2272 potest
995 2229 1114 2270 Gerl:‚
1141 2232 1333 2262 memoriam
1361 2231 1445 2262 enim
1471 2242 1566 2262 nemo
1594 2235 1697 2271 potest
1723 2233 1806 2263 ante
1823 2240 1900 2263 enm

273 2286 440 2333 Madm'q,
474 2289 606 2322 iniuria
633 2294 781 2334 uterque
808 2290 841 2322 in
864 2289 1081 2334 pronomine
1107 2289 1260 2324 relate'no
1287 2289 1448 2324 lectionis
1476 2288 1685 2323 Hctctslanae
1711 2287 1903 2333 offendens

407 2347 426 2379 9
461 2350 580 2379 eximes
608 2347 817 2383 ssliclltwlt's:
856 2351 968 2380 eximis
1121 2349 1157 2381 1⁴)
1192 2351 1359 2391 ipsumque
1391 2360 1484 2390 quem
1513 2349 1678 2380 desideras
1706 2346 1902 2387 Rubenius,

274 2404 444 2451 flltttllle'y:
471 2408 638 2449 ipsumque
657 2409 842 2440 desiderans
949 2409 954 2440 1
971 2409 977 2441 l
1003 2419 1152 2439 occurres
1173 2406 1356 2441 Muretus:
1387 2418 1586 2439 occurrere*-
1615 2407 1662 2450 (2'71
1683 2417 1816 2441 rasura
1830 2406 1903 2451 fui!

267 2464 428 2509 sortasse
454 2467 480 2507 S)
588 2468 622 2500 Γ.)
652 2469 748 2498 inuita
769 2466 908 2500 Haase:
937 2468 1038 2498 inuisa
1143 2467 1178 2499 123
1206 2469 1237 2498 in
1256 2468 1325 2498 luce
1342 2466 1559 2501 deteriores:
1591 2468 1696 2498 minc&
1794 2472 1878 2506 tue-m

375 2526 411 2558 11⁷)
441 2528 470 2556 in
490 2527 656 2557 111eli‹›1·em
677 2532 754 2557 noto
776 2533 897 2567 partem
917 2525 999 2560 oll'm
1020 2537 1135 2560 forst:
1167 2527 1365 2557 imneliore*
1393 2531 1469 2557 nolo
1489 2531 1579 2567 parte
1685 2526 1721 2558 lb*
1742 2527 1904 2556 maximae

274 2584 494 2618 deteriores:
526 2587 666 2616 maxime
796 2586 830 2618 ΙῙ
859 2587 1053 2627 applicueris
1064 2597 1084 2616 ³⁴:-
1215 2587 1423 2624 nmderatius,
1452 2586 1557 2616 mitius
1584 2583 1631 2628 cs:
1652 2585 1696 2617 {le
1714 2585 1770 2618 ἱνα
1797 2588 1827 2627 3,
1849 2586 1902 2622 22.

280 2670 289 2700 l
322 2669 470 2709 exempla
490 2695 496 2701 ,
518 2695 524 2701 ,
546 2695 552 2701 ,
574 2669 753 2707 moderata,
783 2670 865 2700 lenia
1011 2669 1047 2702 Ιὸ
1074 2680 1174 2710 penas
1294 2652 1346 2699 ase
1373 2669 1406 2710 (a
1433 2673 1470 2701 u(
1496 2667 1640 2701 uidetur
1667 2679 1710 2702 m.
1735 2668 1807 2712 pr.)

282 2728 317 2759 itt
345 2738 407 2757 non
436 2739 552 2768 augei-t-
579 2727 656 2761 cml.
685 2739 748 2758 non
777 2730 919 2760 minuere
946 2729 1001 2759 sed
1029 2740 1146 2769 augere
1174 2727 1273 2761 li'oclc
1309 2727 1370 2771 (esi
1400 2726 1518 2769 Quint.
1547 2730 1583 2768 li,
1607 2738 1768 2772 prooem.
1797 2730 1812 2759 7
1844 2738 1902 2771 uec

275 2798 392 2827 augere
435 2787 638 2818 lacrimarum
683 2798 795 2818 causas
830 2788 924 2826 uolo,
969 2789 1155 2828 utinamque
1189 2792 1266 2818 esset
1306 2788 1386 2817 ratio
1422 2787 1624 2825 mimiemli);
1663 2798 1748 2818 nouo
1786 2797 1903 2827 augere

275 2843 426 2890 Matlm'y
453 2857 515 2877 uno
535 2857 652 2885 angero
673 2845 778 2878 Gertz
878 2848 922 2878 2¹)
949 2848 1143 2888 represtabix
1241 2848 1283 2880 22
1311 2847 1363 2888 qui
1392 2850 1421 2877 te
1448 2848 1565 2877 laetam
1593 2844 1762 2890 Madm'y:
1792 2846 1901 2886 quieta
