1977 3231
432 148 536 175 DlAL.
559 149 595 176 X.
635 150 689 175 AD
712 149 915 176 PAVLINVM
938 151 990 176 DE
1010 150 1234 177 BREVITATE
1254 151 1382 178 VITAE.
1423 151 1462 177 17.
1672 155 1751 193 241

100 256 107 288 1
255 244 389 283 XVII.
451 244 571 296 Ipsae
613 245 849 298 uoluptates
896 260 1040 286 eorum
1082 246 1268 299 trepidae
1307 253 1348 287 et
1381 248 1501 286 uariis
1533 247 1758 286 terroribus

137 315 343 367 inquietae
372 322 467 355 sunt
498 315 690 369 subitque
723 331 818 356 cum
852 317 1036 356 maxime
1069 316 1292 356 exultantis
1325 316 1498 356 sollicita
1530 317 1753 369 cogitatio:

137 384 240 424 haec
282 399 407 438 quam
450 387 546 425 diu?
599 387 652 426 ab
695 386 777 426 hoc
820 387 986 426 adfectu
1029 399 1148 438 reges
1180 401 1297 426 suam
1333 387 1483 427 fleuere
1515 389 1758 439 potentiam.

137 469 213 495 nec
265 455 355 495 illos
398 457 645 508 magnitudo
688 456 876 497 fortunae
919 470 1017 496 suae
1060 457 1280 496 delectauit
1332 459 1406 497 sed
1450 464 1645 497 uenturus
1687 458 1755 497 ali-

90 537 109 570 2
136 526 303 578 quando
336 526 425 565 finis
458 529 670 568 exterruit.
712 541 805 567 cum
835 541 908 580 per
931 541 1084 579 magna
1107 541 1351 579 camporum
1374 529 1507 580 spatia
1528 529 1758 580 porrigeret
1779 541 1793 563 5

136 598 364 637 exercitum
408 611 484 637 nec
525 611 743 637 numerum
789 611 873 637 eius
916 599 990 637 sed
1035 612 1271 637 mensuram
1315 599 1619 650 conprenderet
1663 599 1756 638 Per-

136 681 274 706 sarum
319 682 393 707 rex
426 668 792 716 insolentissimis,
834 668 1024 708 lacrimas
1056 666 1260 720 profudit,
1304 670 1418 720 quod
1453 669 1557 708 intra
1589 675 1757 708 centum

136 751 268 777 annos
310 752 435 778 nemo
478 752 532 778 ex
575 745 690 778 tanta
732 740 944 778 iuuentute
986 738 1271 790 superfuturus
1314 744 1448 778 esset:
1495 745 1537 778 at
1579 738 1652 778 illis
1684 740 1755 778 ad-

137 814 324 848 moturus
367 815 454 848 erat
496 809 626 848 fatum
668 811 756 862 ipse
795 810 863 861 qui
909 809 1058 857 flebat,
1090 810 1406 861 perditurusque
1438 809 1539 848 alios
1572 810 1611 848 in
1646 811 1757 857 mari,

135 879 238 918 alios
280 880 318 918 in
351 886 482 928 terra,
526 879 628 919 alios
659 879 843 932 proelio,
886 879 987 919 alios
1021 879 1118 931 fuga
1150 885 1191 918 et
1223 880 1329 919 intra
1360 880 1558 931 exiguum
1591 886 1757 932 tempus
1783 893 1810 916 ιω

88 959 107 990 3
136 956 456 1002 consumpturus
488 950 589 998 illos⁷
621 950 770 1003 quibus
800 951 1071 999 centesimum
1095 964 1248 989 annum
1271 950 1457 990 timebat.
1501 951 1610 1002 quid,
1643 952 1758 1002 quod

135 1021 287 1072 gaudia
330 1034 496 1073 quoque
539 1035 684 1060 eorum
728 1021 891 1073 trepida
932 1023 1054 1060 sunt?
1107 1034 1189 1059 non
1222 1021 1331 1060 enim
1364 1020 1504 1068 solidi-s
1537 1022 1668 1060 causis
1699 1021 1756 1060 in-

134 1092 328 1139 nituntur,
362 1093 436 1131 sed
461 1092 621 1140 eadem,
655 1105 736 1144 qua
758 1093 952 1139 oriuntur,
985 1093 1168 1131 uanitate
1190 1092 1418 1131 turbantur.
1461 1091 1596 1144 qualia
1617 1098 1757 1130 autem

134 1168 255 1213 putas
298 1176 388 1201 esse
419 1168 614 1214 tempora
646 1163 769 1201 etiam
804 1163 987 1214 ipsorum
1021 1162 1281 1202 confessione
1314 1163 1483 1210 misera,
1529 1175 1623 1201 cum
1655 1162 1759 1201 haec

134 1246 321 1285 quoque,
364 1233 512 1284 quibus
554 1247 599 1272 se
641 1232 837 1272 attollunt
880 1239 921 1272 et
962 1246 1086 1285 super
1126 1232 1340 1272 hominem
1374 1233 1568 1280 efferunt,
1611 1246 1757 1284 parum
1783 1245 1811 1269 15

87 1312 104 1345 4
135 1303 293 1342 sincera
325 1304 431 1343 sint?
475 1304 661 1342 maxima
693 1317 883 1355 quaeque
915 1303 1029 1342 bona
1061 1303 1235 1343 sollicita
1266 1309 1361 1342 sunt
1383 1316 1460 1342 nec
1482 1303 1548 1342 ulli
1571 1302 1759 1342 fortunae

134 1374 267 1413 minus
310 1374 419 1413 bene
460 1388 585 1426 quam
630 1375 816 1426 optimae
858 1375 1060 1413 creditur:
1109 1373 1186 1414 alia
1227 1373 1422 1413 felicitate
1462 1374 1516 1412 ad
1558 1374 1758 1413 tuendam

134 1443 370 1484 felicitatem
424 1459 530 1497 opus
574 1450 637 1484 est
680 1451 721 1484 et
763 1459 838 1498 pro
882 1446 1000 1497 ipsis,
1052 1459 1158 1497 quae
1201 1458 1456 1492 successere,
1510 1445 1618 1484 uotis
1660 1450 1759 1483 uota

136 1514 322 1554 facienda
364 1522 468 1556 sunt.
532 1530 660 1555 omne
703 1516 833 1564 enim,
876 1517 992 1567 quod
1025 1516 1195 1555 fortuito
1229 1516 1421 1563 obuenit,
1464 1514 1653 1554 instabile
1684 1521 1758 1554 est.

135 1600 219 1638 quo
252 1585 371 1625 altius
403 1587 603 1634 surrexit,
646 1587 921 1639 opportunius
954 1592 1016 1625 est
1048 1587 1086 1625 in
1120 1600 1325 1626 occasum.
1389 1587 1597 1625 neminem
1629 1599 1756 1638 porro
1778 1600 1810 1623 20

135 1670 278 1696 casura
320 1657 556 1697 delectant:
604 1658 876 1696 miserrimam
911 1671 1012 1709 ergo
1046 1671 1215 1697 necesse
1247 1664 1320 1705 est,
1353 1671 1438 1696 non
1470 1663 1631 1696 tantum
1664 1656 1756 1696 bre-

135 1728 345 1767 uissimam
396 1729 522 1767 uitam
572 1742 663 1767 esse
707 1742 874 1776 eorum,
926 1729 993 1780 qui
1036 1742 1192 1780 magno
1236 1736 1383 1781 parant
1425 1728 1588 1775 labore,
1641 1728 1758 1779 quod

135 1799 293 1837 maiore
325 1799 591 1850 possideant:
629 1812 808 1851 operose
841 1798 1101 1846 adsecuntur,
1133 1813 1239 1851 quae
1271 1799 1428 1847 uolunt,
1460 1799 1570 1838 anxii
1602 1804 1757 1846 tenent,

89 1879 107 1908 :3
135 1883 242 1920 quae
295 1870 479 1908 adsecuti
532 1875 637 1908 sunt.
706 1869 816 1908 nulla
868 1869 1029 1908 interim
1082 1883 1309 1921 numquam
1362 1869 1538 1921 amplius
1590 1869 1758 1908 redituri

134 1940 335 1992 temporis
383 1940 488 1979 ratio
538 1946 612 1980 est.
674 1953 809 1979 nouae
852 1940 1149 1992 occupationes
1193 1940 1401 1979 ueteribus
1443 1941 1757 1987 substituuntur,
1777 1952 1810 1976 25

135 2023 230 2062 spes
279 2024 397 2062 spem
447 2011 622 2058 excitat,
676 2011 949 2050 ambitionem
1000 2011 1183 2050 ambitiO.
1247 2012 1501 2050 miseriarum
1544 2024 1626 2049 non
1668 2010 1757 2049 finis

134 2082 353 2133 quaeritur,
386 2082 459 2120 sed
493 2081 666 2120 materia
698 2087 902 2121 mutatur:
939 2084 1067 2122 nostri
1099 2095 1175 2122 nos
1197 2082 1378 2121 honores
1401 2087 1630 2121 torserunt:
1667 2080 1757 2133 plus

134 2154 335 2204 temporis
368 2152 487 2191 alieni
519 2151 716 2192 auferunt.
760 2153 968 2192 candidati
990 2152 1182 2192 laborare
1205 2154 1424 2192 desiimus:
1460 2152 1757 2204 suffragatores

134 2223 359 2275 incipimus.
403 2223 624 2262 accusandi
657 2223 924 2275 deposuimus
953 2222 1207 2262 molestiam:
1245 2224 1453 2263 iudicandi
1475 2223 1756 2263 nanciscimur.

134 2293 260 2332 iudex
305 2294 425 2333 desiit
467 2307 582 2332 esse:
627 2293 838 2345 quaesitor
870 2299 944 2334 est.
1006 2293 1231 2333 alienorum
1263 2294 1472 2334 bonorum
1506 2294 1758 2333 mercenaria
1777 2306 1809 2331 30

143 2527 149 2559 1
175 2528 242 2568 ipse
362 2530 381 2560 2
401 2512 574 2559 exultantes
593 2528 617 2568 (i
637 2531 719 2561 (mle
736 2538 750 2559 S
768 2528 889 2570 erasa)
1005 2527 1024 2561 5
1043 2528 1173 2559 externit
1284 2527 1322 2560 lO
1340 2528 1442 2569 prelio
1545 2527 1578 2560 ll
1610 2511 1696 2568 Qu¹d
1711 2527 1756 2568 qd

943 2592 963 2611 u

137 2620 170 2662 (d
193 2620 227 2653 in
246 2622 335 2663 ras.)
464 2621 499 2654 153
527 2632 620 2663 qua*
734 2622 784 2663 ,lss
811 2623 1001 2653 sincerasint
1023 2620 1100 2655 cod.
1120 2622 1244 2652 sincera
1263 2622 1322 2652 sint
1346 2620 1451 2656 Turn.
1566 2621 1608 2654 'l'a'
1636 2621 1757 2662 optime

254 2679 298 2712 ‘20
331 2691 393 2720 quo
421 2681 512 2711 altius
539 2680 757 2714 deteriorum
781 2680 906 2724 pauci:
935 2681 1022 2722 quod
1050 2682 1142 2712 altius
1268 2682 1400 2711 surrexit
1429 2679 1560 2725 Neap.:
1590 2681 1755 2711 surrexerit

1195 2747 1211 2763 Π

254 2774 297 2807 22
317 2785 384 2806 esse
402 2784 513 2806 eorum
533 2774 610 2809 cod.
630 2786 740 2806 corum
760 2786 828 2806 esse
846 2774 955 2819 uulyo
1068 2775 1110 2807 213
1130 2778 1214 2805 tenet
1327 2774 1370 2808 25
1389 2786 1472 2807 noue
1491 2776 1526 2818 (e
1544 2776 1654 2815 corr.)

993 2841 1020 2856 Ul
1402 2839 1405 2842 ⁵
1736 2840 1743 2856 Ι

136 2868 179 2900 ‘ll-¹»
198 2868 377 2899 Ebitionem
397 2870 431 2910 (21
451 2867 558 2911 corr.)
665 2868 706 2902 ¹27
726 2873 771 2899 set
877 2868 920 2901 ⁸28
939 2869 1078 2900 desimus
1191 2868 1234 2900 “29
1254 2880 1315 2899 nan
1334 2870 1500 2901 sciscimur
1612 2868 1656 2899 :30
1675 2869 1756 2922 desit

1434 2930 1473 2961 lti
