1977 3231
383 181 487 209 DIAL.
509 183 561 209 lX.
599 183 654 208 AD
676 181 862 208 SERENVM
885 181 937 206 DE
957 180 1308 212 TRANQVILLITATE
1329 172 1457 207 ANIMI.
1499 181 1540 208 11.
1689 183 1767 221 211

150 281 358 333 trepidum
401 280 577 321 animal?
621 295 672 320 eo
715 281 847 332 magis
889 279 1250 325 conuolneraberis
1294 284 1335 317 et
1367 276 1637 324 confodieris,
1681 276 1775 328 quia

151 354 283 391 nescis
315 351 515 404 praebere
547 352 730 404 iugulum
749 370 774 391 :-
803 358 846 391 at
878 357 922 390 tu
955 357 996 390 et
1028 351 1141 389 uiues
1174 351 1323 389 diutius
1355 355 1397 388 et
1429 347 1614 388 morieris
1646 359 1774 398 expe-

151 423 285 470 ditius,
317 423 385 474 qui
417 422 567 462 ferrum
602 436 684 461 non
717 422 923 461 subducta
954 422 1113 460 ceruice
1141 434 1217 459 nec
1239 419 1430 459 manibus
1453 417 1669 471 oppositiS,
1701 417 1776 456 sed

104 508 123 539 (ς
150 494 335 532 animose
378 492 534 544 recipis.
596 492 663 544 qui
708 497 888 531 mortem
921 490 1094 537 timebit,
1138 489 1234 528 nihil
1267 501 1466 540 umquam
1499 501 1575 539 pro
1606 487 1776 531 homine

152 565 244 602 uiuo
287 562 433 602 faciet.
483 569 524 602 at
566 563 633 614 qui
675 563 775 601 sciet
817 553 899 600 lioc
940 560 1016 600 sibi
1056 573 1150 600 cum
1189 560 1475 616 conciperetur
1505 558 1645 597 statim
1679 563 1812 596 con-5

150 632 329 680 dictum,
372 633 482 672 uiuet
525 634 578 672 ad
621 631 842 671 formulam
886 637 926 670 et
968 629 1088 669 simul
1129 629 1226 668 illud
1269 642 1437 682 quoque
1469 629 1620 667 eodem
1654 626 1776 666 animi

151 703 304 741 robore
346 703 592 754 praestabit,
637 715 688 741 ne
730 702 827 754 quid
871 715 925 740 ex
969 701 1034 748 iis,
1083 713 1189 752 quae
1232 699 1445 746 eueniunt,
1493 698 1674 737 subitum
1716 697 1777 735 sit.

150 773 350 825 quidquid
383 774 491 812 enim
524 773 609 812 fieri
631 778 783 824 potest,
815 771 930 824 quasi
953 770 1134 810 futurum
1157 772 1219 816 sit,
1252 769 1546 821 prospiciendo
1569 767 1776 807 malorum

152 843 338 882 omnium
380 844 542 895 inpetus
586 842 766 890 molliet,
801 842 876 894 qui
908 842 962 881 ad
993 846 1264 893 praeparatos
1297 844 1652 891 expectantesque
1684 836 1779 876 nihil

151 911 342 952 adferunt
374 913 494 952 noui:
532 913 683 952 securis
716 919 757 952 et
788 911 912 952 beata
933 917 1097 951 tantum
1120 909 1405 962 spectantibus
1428 922 1576 961 graues
1599 908 1777 947 ueniunt.
1802 911 1830 936 ¹0

151 982 322 1021 morbus
355 983 476 1030 enim,
509 983 744 1034 captiuitas‚
777 983 908 1029 ruina,
941 981 1067 1032 ignis,
1098 980 1195 1019 nihil
1227 979 1378 1019 horum
1411 978 1671 1030 repentinum
1704 982 1776 1016 est.

106 1067 123 1073 ‚„
151 1052 356 1100 sciebam,
399 1052 438 1091 in
471 1066 595 1105 quam
630 1051 932 1092 tumultuosum
966 1064 1034 1090 me
1066 1049 1380 1089 contubernium
1414 1054 1560 1087 natura
1583 1047 1779 1087 clusisset.

151 1124 305 1162 totiens
357 1123 395 1162 in
442 1123 588 1162 uicinia
630 1136 723 1162 mea
766 1121 1074 1162 conclamatum
1118 1126 1191 1159 est.
1253 1120 1405 1159 totiens
1448 1125 1612 1170 praeter
1653 1117 1778 1156 limen

152 1194 377 1232 inmaturas
410 1194 608 1246 exequias
640 1192 710 1232 fax
743 1205 969 1244 cereusque
997 1192 1233 1243 praecessit.
1285 1203 1410 1241 saepe
1432 1203 1456 1228 a
1476 1189 1604 1228 latere
1627 1187 1779 1226 ruentis

152 1263 324 1303 aedificii
362 1264 501 1316 fragor
536 1264 683 1302 sonuit.
748 1262 903 1302 multos
936 1276 989 1301 ex
1022 1262 1088 1309 iis,
1126 1274 1232 1313 quos
1264 1260 1421 1308 forum,
1465 1259 1594 1306 curia,
1637 1270 1775 1296 sermo
1800 1264 1828 1286 ¹⁷>

153 1347 316 1373 mecum
368 1339 656 1381 contraxerat,
709 1348 796 1372 nox
849 1332 1017 1372 abstulit
1066 1338 1107 1371 et
1152 1328 1338 1384 [iunctas]
1381 1329 1586 1369 sodalium
1631 1340 1777 1366 manus

154 1403 368 1456 copulatas
410 1404 659 1444 interscidit:
707 1405 829 1443 mirer
871 1403 924 1442 ad
967 1416 1034 1442 me
1077 1402 1299 1454 aliquando
1332 1399 1512 1453 pericula
1544 1399 1776 1444 accessisse,

154 1489 261 1527 quae
293 1476 399 1514 circa
431 1489 499 1514 me
530 1488 696 1527 semper
729 1474 978 1514 errauerint?
1027 1485 1180 1524 magna
1211 1486 1307 1524 pars
1327 1471 1543 1511 hominum
1567 1475 1639 1517 est,
1672 1480 1778 1520 quae

108 1558 129 1593 8
155 1546 398 1597 nauigatura
450 1547 503 1585 de
545 1550 798 1597 tempestate
839 1558 923 1583 non
967 1544 1135 1596 cogitat.
1207 1555 1435 1594 numquam
1478 1554 1545 1580 me
1587 1541 1626 1579 in
1667 1539 1779 1577 bona

155 1617 360 1656 sententia
391 1616 487 1656 mali
520 1616 691 1668 pudebit
724 1615 912 1655 auctoris.
975 1614 1194 1662 Publilius,
1226 1613 1391 1665 tragicis
1424 1612 1675 1664 comicisque
1708 1622 1775 1648 ue-
1798 1615 1831 1639 '10

155 1686 390 1727 hementior
421 1688 603 1738 ingeniis,
635 1688 826 1738 quotiens
860 1686 1045 1725 mimicas
1076 1685 1250 1736 ineptias
1282 1690 1322 1723 et
1345 1684 1472 1722 uerba
1494 1683 1547 1721 ad
1570 1693 1777 1721 summam

157 1771 327 1797 caueam
361 1759 591 1809 spectantia
623 1757 795 1820 reliquit,
828 1758 933 1796 inter
965 1755 1094 1794 multa
1127 1755 1205 1794 alia
1237 1754 1458 1801 cothurno,
1502 1766 1584 1791 non
1617 1758 1777 1791 tantum

157 1828 307 1880 sipario
339 1828 522 1875 fortiora,
556 1834 596 1867 et
627 1828 708 1867 hoc
741 1827 821 1867 ait:

499 1901 616 1937 cm'm's
640 1905 761 1949 potest
790 1899 955 1936 accidere
986 1898 1088 1946 quod
1115 1899 1287 1945 cuiquam
1313 1901 1442 1946 polesl.

160 1968 240 2008 hoc
282 1969 314 2007 si
346 1969 434 2021 quis
467 1970 506 2008 in
539 1968 742 2008 medullas
775 1968 986 2008 demiserit
1019 1973 1061 2006 et
1095 1967 1232 2005 omnia
1265 1965 1397 2005 aliena
1431 1964 1561 2012 mala,
1603 1976 1780 2015 quorum
1802 1967 1834 1990 '2⁵

159 2039 304 2091 ingens
337 2039 491 2079 cotidie
523 2041 646 2091 copia
677 2045 761 2087 est,
794 2041 852 2078 sic
884 2038 1145 2090 adspexerit,
1177 2042 1394 2088 tamquam
1426 2035 1599 2075 liberum
1633 2033 1707 2073 illis
1741 2039 1782 2072 et

114 2122 133 2155 9
156 2106 214 2148 ¹ad
246 2123 291 2148 se
323 2111 398 2148 iter
429 2110 491 2157 sit,
526 2109 657 2149 multo
690 2115 787 2148 ante
819 2122 864 2148 se
895 2107 1074 2147 armabit
1106 2120 1231 2159 quam
1263 2112 1439 2158 petatur.
1502 2118 1594 2144 sero
1623 2105 1782 2143 animus

161 2181 212 2219 ad
256 2179 531 2232 periculorum
574 2180 817 2231 patientiam
859 2184 958 2231 post
1000 2177 1181 2229 Pericula
1223 2177 1439 2217 instruitur.
1514 2188 1599 2214 non
1640 2174 1782 2227 putaui

163 2355 176 2387 1
216 2355 497 2386 conuulneraberis
642 2353 661 2386 ξ)
696 2354 770 2384 uiuo
807 2352 940 2396 Neap.:
970 2353 1046 2383 uilio
1191 2352 1244 2392 qui
1270 2352 1348 2381 sciet
1378 2349 1509 2394 Neap.:
1537 2351 1641 2391 qseiat

162 2417 182 2442 8
216 2414 367 2455 quicquid
498 2413 565 2443 fieri
591 2410 719 2456 mllyoz
749 2412 773 2441 si
803 2411 868 2442 lieri
999 2410 1018 2442 9
1054 2412 1190 2451 impetus
1318 2413 1507 2450 preparatos
1645 2407 1684 2439 ll)
1711 2416 1782 2450 pro

160 2473 378 2514 spectantibus
404 2469 523 2505 malim
549 2471 751 2513 sperantibus
889 2469 922 2502 ll
962 2470 1095 2500 morbus
1121 2470 1205 2500 enim
1232 2466 1446 2502 deleriores:
1476 2468 1582 2502 mot-ln
1612 2470 1657 2497 est

162 2531 203 2564 14
236 2531 424 2562 immaturas
568 2530 718 2571 precessit
866 2526 906 2560 16
940 2539 1003 2558 nox
1029 2527 1106 2561 sine
1131 2525 1376 2569 additamento
1395 2536 1469 2570 pro
1495 2530 1608 2559 morte
1631 2524 1665 2558 si
1689 2523 1783 2557 disi!

163 2587 310 2630 Seneca,
336 2592 479 2623 seculus
504 2593 555 2622 est
587 2585 738 2632 Verqe‘lii
760 2584 964 2631 exemplum
992 2586 1077 2620 Aen.
1107 2588 1137 2625 6,
1165 2586 1227 2618 827
1265 2585 1445 2616 concordes
1476 2585 1606 2615 animae
1638 2594 1718 2614 nune
1753 2587 1781 2614 ct

161 2649 236 2679 dum
263 2652 358 2679 nocte
383 2652 567 2689 premuntur
750 2647 873 2677 iunctas
899 2643 1045 2678 induxit
1073 2643 1184 2678 Hertz
1336 2644 1498 2675 sodalium
1526 2641 1616 2681 cod„
1643 2653 1711 2675 mm
1741 2641 1781 2671 :ul

628 2703 635 2728 l

159 2742 345 2773 sodalitium
471 2739 510 2773 17
543 2744 698 2782 copuatas
724 2738 802 2773 cod.
830 2740 975 2780 copiates
1001 2736 1152 2782 llladul'q
1280 2747 1363 2768 nie-ss-
1400 2737 1537 2781 (parua
1563 2736 1651 2776 ras.)

166 2799 204 2832 19
232 2800 262 2830 iu
289 2801 375 2830 bona
402 2800 557 2831 sententia
586 2797 714 2832 Gertz:
745 2800 775 2829 in
801 2798 889 2828 bona
1058 2796 1102 2830 21⁷)
1138 2796 1290 2827 Publilius
1318 2793 1460 2839 Haupt:
1491 2795 1618 2836 publius

356 2862 364 2880 t

160 2894 203 2926 22
231 2892 367 2934 reliquid
486 2897 621 2923 coturno
742 2893 785 2924 20·
813 2891 970 2932 aspexerit

1431 2946 1499 2978 Η*
