<?xml version="1.0" encoding="UTF-8"?>
<!DOCTYPE html PUBLIC "-//W3C//DTD XHTML 1.0 Transitional//EN"
    "http://www.w3.org/TR/xhtml1/DTD/xhtml1-transitional.dtd">
<html xmlns="http://www.w3.org/1999/xhtml" xml:lang="en" lang="en">
 <head>
  <title>
</title>
<meta http-equiv="Content-Type" content="text/html;charset=utf-8" />
  <meta name='ocr-system' content='tesseract 3.04.00' />
  <meta name='ocr-capabilities' content='ocr_page ocr_carea ocr_par ocr_line ocrx_word'/>
</head>
<body>
  <div class='ocr_page' id='page_1' title='image "./dialogorumlibrid00seneuoft_0030.png"; bbox 0 0 2008 3221; ppageno 0'>
   <div class='ocr_carea' id='block_1_1' title="bbox 286 103 1379 133">
    <p class='ocr_par' dir='ltr' id='par_1_1' title="bbox 286 103 1379 133">
     <span class='ocr_line' id='line_1_1' title="bbox 286 103 1379 133; baseline -0.005 0"><span class='ocrx_word' id='word_1_1' title='bbox 286 108 381 133; x_wconf 72' lang='lat' dir='ltr'><strong>XXVI</strong></span> <span class='ocrx_word' id='word_1_2' title='bbox 815 106 867 130; x_wconf 88' lang='lat' dir='ltr'><strong>DE</strong></span> <span class='ocrx_word' id='word_1_3' title='bbox 888 104 1037 131; x_wconf 82' lang='lat' dir='ltr'>COD1CE</span> <span class='ocrx_word' id='word_1_4' title='bbox 1057 103 1379 129; x_wconf 82' lang='lat' dir='ltr'>MEDIOLANENSI.</span> 
     </span>
    </p>
   </div>
   <div class='ocr_carea' id='block_1_2' title="bbox 277 200 1918 2876">
    <p class='ocr_par' dir='ltr' id='par_1_2' title="bbox 278 200 1918 1015">
     <span class='ocr_line' id='line_1_2' title="bbox 288 200 1918 256; baseline -0.002 -12"><span class='ocrx_word' id='word_1_5' title='bbox 288 205 420 256; x_wconf 87' lang='lat' dir='ltr'><strong>magis</strong></span> <span class='ocrx_word' id='word_1_6' title='bbox 463 209 606 255; x_wconf 88' lang='lat' dir='ltr'><strong>aptum</strong></span> <span class='ocrx_word' id='word_1_7' title='bbox 651 216 742 241; x_wconf 89' lang='lat' dir='ltr'><strong>esse</strong></span> <span class='ocrx_word' id='word_1_8' title='bbox 786 202 994 240; x_wconf 90' lang='lat' dir='ltr'><strong>uideretur</strong></span> <span class='ocrx_word' id='word_1_9' title='bbox 1036 201 1200 250; x_wconf 88' lang='lat' dir='ltr'><strong>signum</strong></span> <span class='ocrx_word' id='word_1_10' title='bbox 1238 211 1258 237; x_wconf 90' lang='lat'><em>7</em></span> <span class='ocrx_word' id='word_1_11' title='bbox 1292 213 1418 251; x_wconf 88' lang='lat' dir='ltr'><strong>quam</strong></span> <span class='ocrx_word' id='word_1_12' title='bbox 1452 207 1488 239; x_wconf 80' lang='lat' dir='ltr'><strong>et</strong></span> <span class='ocrx_word' id='word_1_13' title='bbox 1530 200 1674 240; x_wconf 87' lang='lat' dir='ltr'><strong>litteris</strong></span> <span class='ocrx_word' id='word_1_14' title='bbox 1706 203 1918 254; x_wconf 91' lang='lat' dir='ltr'><strong>scriptum,</strong></span> 
     </span>
     <span class='ocr_line' id='line_1_3' title="bbox 285 272 1915 324; baseline -0.002 -10"><span class='ocrx_word' id='word_1_15' title='bbox 285 274 419 314; x_wconf 90' lang='lat' dir='ltr'><strong>intulit</strong></span> <span class='ocrx_word' id='word_1_16' title='bbox 462 273 559 312; x_wconf 90' lang='lat' dir='ltr'><strong>illud</strong></span> <span class='ocrx_word' id='word_1_17' title='bbox 599 273 761 323; x_wconf 89' lang='lat' dir='ltr'><strong>signum</strong></span> <span class='ocrx_word' id='word_1_18' title='bbox 796 275 833 318; x_wconf 84' lang='lat'><strong>5,</strong></span> <span class='ocrx_word' id='word_1_19' title='bbox 875 273 933 318; x_wconf 84' lang='lat'><strong>17,</strong></span> <span class='ocrx_word' id='word_1_20' title='bbox 968 272 990 309; x_wconf 84' lang='lat'><strong>3</strong></span> <span class='ocrx_word' id='word_1_21' title='bbox 1033 273 1165 318; x_wconf 69' lang='lat' dir='ltr'><strong>fames</strong></span> <span class='ocrx_word' id='word_1_22' title='bbox 1200 281 1221 311; x_wconf 81' lang='lat'><strong>7</strong></span> <span class='ocrx_word' id='word_1_23' title='bbox 1244 274 1407 319; x_wconf 77' lang='lat' dir='ltr'><strong>squalor</strong></span> <span class='ocrx_word' id='word_1_24' title='bbox 1445 281 1464 310; x_wconf 94' lang='lat'><strong>7</strong></span> <span class='ocrx_word' id='word_1_25' title='bbox 1488 275 1674 324; x_wconf 52' lang='lat' dir='ltr'><strong>inluuiem,</strong></span> <span class='ocrx_word' id='word_1_26' title='bbox 1722 273 1757 320; x_wconf 89' lang='lat'><strong>7,</strong></span> <span class='ocrx_word' id='word_1_27' title='bbox 1791 274 1858 320; x_wconf 79' lang='lat'><strong>22,</strong></span> <span class='ocrx_word' id='word_1_28' title='bbox 1891 275 1915 310; x_wconf 99' lang='lat'><strong>4</strong></span> 
     </span>
     <span class='ocr_line' id='line_1_4' title="bbox 278 341 1918 395; baseline 0 -14"><span class='ocrx_word' id='word_1_29' title='bbox 278 348 405 395; x_wconf 76' lang='lat' dir='ltr'><strong>precii</strong></span> <span class='ocrx_word' id='word_1_30' title='bbox 433 355 480 395; x_wconf 74' lang='lat'><strong>73</strong></span> <span class='ocrx_word' id='word_1_31' title='bbox 520 346 554 390; x_wconf 69' lang='lat'><strong>3,</strong></span> <span class='ocrx_word' id='word_1_32' title='bbox 580 347 616 389; x_wconf 76' lang='grc' dir='ltr'><strong>ἶ),</strong></span> <span class='ocrx_word' id='word_1_33' title='bbox 641 343 662 380; x_wconf 76' lang='grc'>3</span> <span class='ocrx_word' id='word_1_34' title='bbox 689 346 795 391; x_wconf 75' lang='lat' dir='ltr'><strong>operi</strong></span> <span class='ocrx_word' id='word_1_35' title='bbox 832 353 851 381; x_wconf 90' lang='lat'>7</span> <span class='ocrx_word' id='word_1_36' title='bbox 870 343 1201 392; x_wconf 74' lang='lat' dir='ltr'><strong>emendalissimo;</strong></span> <span class='ocrx_word' id='word_1_37' title='bbox 1244 342 1306 388; x_wconf 83' lang='lat'><strong>10,</strong></span> <span class='ocrx_word' id='word_1_38' title='bbox 1344 343 1407 389; x_wconf 78' lang='lat'><strong>15,</strong></span> <span class='ocrx_word' id='word_1_39' title='bbox 1438 344 1462 380; x_wconf 88' lang='grc'>4</span> <span class='ocrx_word' id='word_1_40' title='bbox 1497 345 1582 381; x_wconf 80' lang='lat' dir='ltr'><strong>iter.</strong></span> <span class='ocrx_word' id='word_1_41' title='bbox 1600 353 1633 381; x_wconf 91' lang='lat'><strong>7.</strong></span> <span class='ocrx_word' id='word_1_42' title='bbox 1697 341 1826 394; x_wconf 78' lang='lat' dir='ltr'><strong>Quod</strong></span> <span class='ocrx_word' id='word_1_43' title='bbox 1840 355 1918 393; x_wconf 81' lang='lat' dir='ltr'><strong>per</strong></span> 
     </span>
     <span class='ocr_line' id='line_1_5' title="bbox 278 404 1916 463; baseline 0 -11"><span class='ocrx_word' id='word_1_44' title='bbox 278 415 407 454; x_wconf 75' lang='lat' dir='ltr'><strong>‚fuisse</strong></span> <span class='ocrx_word' id='word_1_45' title='bbox 441 414 675 452; x_wconf 75' lang='lat' dir='ltr'>etiamnunc</span> <span class='ocrx_word' id='word_1_46' title='bbox 697 412 794 450; x_wconf 87' lang='lat' dir='ltr'><strong>satis</strong></span> <span class='ocrx_word' id='word_1_47' title='bbox 819 417 1003 463; x_wconf 87' lang='lat' dir='ltr'><strong>apparet,</strong></span> <span class='ocrx_word' id='word_1_48' title='bbox 1037 414 1075 458; x_wconf 90' lang='lat'><strong>5,</strong></span> <span class='ocrx_word' id='word_1_49' title='bbox 1100 412 1135 457; x_wconf 86' lang='grc'><strong>2,</strong></span> <span class='ocrx_word' id='word_1_50' title='bbox 1160 412 1184 450; x_wconf 85' lang='grc'>6</span> <span class='ocrx_word' id='word_1_51' title='bbox 1209 416 1250 449; x_wconf 93' lang='lat' dir='ltr'><strong>et</strong></span> <span class='ocrx_word' id='word_1_52' title='bbox 1280 414 1316 458; x_wconf 90' lang='lat'><strong>5,</strong></span> <span class='ocrx_word' id='word_1_53' title='bbox 1348 413 1407 458; x_wconf 82' lang='lat'><strong>15,</strong></span> <span class='ocrx_word' id='word_1_54' title='bbox 1433 415 1455 450; x_wconf 77' lang='lat'><strong>4</strong></span> <span class='ocrx_word' id='word_1_55' title='bbox 1485 404 1525 450; x_wconf 87' lang='lat' dir='ltr'><strong>in</strong></span> <span class='ocrx_word' id='word_1_56' title='bbox 1555 418 1801 451; x_wconf 89' lang='lat' dir='ltr'><strong>consuetum</strong></span> <span class='ocrx_word' id='word_1_57' title='bbox 1831 413 1916 452; x_wconf 91' lang='lat' dir='ltr'><strong>eius</strong></span> 
     </span>
     <span class='ocr_line' id='line_1_6' title="bbox 284 482 1915 534; baseline -0.002 -10"><span class='ocrx_word' id='word_1_58' title='bbox 284 486 397 524; x_wconf 91' lang='lat' dir='ltr'><strong>uocis</strong></span> <span class='ocrx_word' id='word_1_59' title='bbox 420 483 714 534; x_wconf 80' lang='lat' dir='ltr'>compendium</span> <span class='ocrx_word' id='word_1_60' title='bbox 740 484 930 533; x_wconf 66' lang='lat' dir='ltr'><strong>mutauit,</strong></span> <span class='ocrx_word' id='word_1_61' title='bbox 959 484 995 523; x_wconf 67' lang='lat'><strong>4,</strong></span> <span class='ocrx_word' id='word_1_62' title='bbox 1021 482 1087 528; x_wconf 68' lang='grc'><strong>23,</strong></span> <span class='ocrx_word' id='word_1_63' title='bbox 1111 485 1134 519; x_wconf 76' lang='lat'><strong>4</strong></span> <span class='ocrx_word' id='word_1_64' title='bbox 1161 483 1309 531; x_wconf 77' lang='lat' dir='ltr'><strong>parlib&#39;</strong></span> <span class='ocrx_word' id='word_1_65' title='bbox 1331 483 1556 521; x_wconf 81' lang='lat' dir='ltr'><strong>succedere</strong></span> <span class='ocrx_word' id='word_1_66' title='bbox 1577 482 1691 521; x_wconf 89' lang='lat' dir='ltr'><strong>iussit</strong></span> <span class='ocrx_word' id='word_1_67' title='bbox 1713 483 1753 521; x_wconf 91' lang='lat' dir='ltr'><strong>in</strong></span> <span class='ocrx_word' id='word_1_68' title='bbox 1776 482 1915 522; x_wconf 91' lang='lat' dir='ltr'><strong>locum</strong></span> 
     </span>
     <span class='ocr_line' id='line_1_7' title="bbox 283 552 1915 605; baseline -0.001 -12"><span class='ocrx_word' id='word_1_69' title='bbox 283 556 395 594; x_wconf 92' lang='lat' dir='ltr'><strong>uocis</strong></span> <span class='ocrx_word' id='word_1_70' title='bbox 421 555 604 604; x_wconf 67' lang='lat' dir='ltr'><strong>partibas</strong></span> <span class='ocrx_word' id='word_1_71' title='bbox 636 560 676 591; x_wconf 88' lang='lat' dir='ltr'><strong>et</strong></span> <span class='ocrx_word' id='word_1_72' title='bbox 708 555 744 599; x_wconf 72' lang='lat'><strong>4,</strong></span> <span class='ocrx_word' id='word_1_73' title='bbox 770 552 835 599; x_wconf 79' lang='lat'><strong>25,</strong></span> <span class='ocrx_word' id='word_1_74' title='bbox 866 554 878 590; x_wconf 87' lang='lat'>1</span> <span class='ocrx_word' id='word_1_75' title='bbox 919 555 1018 591; x_wconf 67' lang='grc' dir='ltr'><em>θεῶν’</em></span> <span class='ocrx_word' id='word_1_76' title='bbox 1050 552 1209 603; x_wconf 80' lang='lat' dir='ltr'>scripsit</span> <span class='ocrx_word' id='word_1_77' title='bbox 1231 565 1308 604; x_wconf 87' lang='lat' dir='ltr'><strong>pro</strong></span> <span class='ocrx_word' id='word_1_78' title='bbox 1332 555 1491 604; x_wconf 73' lang='lat' dir='ltr'><strong>tlzoru83</strong></span> <span class='ocrx_word' id='word_1_79' title='bbox 1527 555 1567 600; x_wconf 89' lang='lat'><strong>4,</strong></span> <span class='ocrx_word' id='word_1_80' title='bbox 1590 553 1656 600; x_wconf 84' lang='lat'><strong>23,</strong></span> <span class='ocrx_word' id='word_1_81' title='bbox 1688 555 1697 590; x_wconf 94' lang='lat' dir='ltr'><strong>l</strong></span> <span class='ocrx_word' id='word_1_82' title='bbox 1728 557 1816 592; x_wconf 79' lang='lat' dir='ltr'><strong>tort’</strong></span> <span class='ocrx_word' id='word_1_83' title='bbox 1838 566 1915 605; x_wconf 91' lang='lat' dir='ltr'><strong>pro</strong></span> 
     </span>
     <span class='ocr_line' id='line_1_8' title="bbox 285 621 1915 679; baseline -0.001 -15"><span class='ocrx_word' id='word_1_84' title='bbox 285 633 415 664; x_wconf 65' lang='lat' dir='ltr'><strong>roa-lus.</strong></span> <span class='ocrx_word' id='word_1_85' title='bbox 479 623 611 662; x_wconf 81' lang='lat' dir='ltr'><strong>Multa</strong></span> <span class='ocrx_word' id='word_1_86' title='bbox 644 623 829 662; x_wconf 88' lang='lat' dir='ltr'><strong>eiusdem</strong></span> <span class='ocrx_word' id='word_1_87' title='bbox 863 623 1026 671; x_wconf 85' lang='lat' dir='ltr'><strong>generis</strong></span> <span class='ocrx_word' id='word_1_88' title='bbox 1059 635 1153 661; x_wconf 89' lang='lat' dir='ltr'><strong>cum</strong></span> <span class='ocrx_word' id='word_1_89' title='bbox 1188 621 1351 679; x_wconf 81' lang='lat' dir='ltr'><strong>adferre</strong></span> <span class='ocrx_word' id='word_1_90' title='bbox 1383 621 1524 670; x_wconf 85' lang='lat' dir='ltr'><strong>liceat,</strong></span> <span class='ocrx_word' id='word_1_91' title='bbox 1561 635 1610 661; x_wconf 89' lang='lat' dir='ltr'><strong>ea</strong></span> <span class='ocrx_word' id='word_1_92' title='bbox 1647 636 1754 675; x_wconf 89' lang='lat' dir='ltr'><strong>quae</strong></span> <span class='ocrx_word' id='word_1_93' title='bbox 1786 623 1915 671; x_wconf 89' lang='lat' dir='ltr'><strong>attuli,</strong></span> 
     </span>
     <span class='ocr_line' id='line_1_9' title="bbox 284 692 1916 734; baseline -0.001 0"><span class='ocrx_word' id='word_1_94' title='bbox 284 696 382 734; x_wconf 87' lang='lat' dir='ltr'><strong>satis</strong></span> <span class='ocrx_word' id='word_1_95' title='bbox 405 708 551 734; x_wconf 90' lang='lat' dir='ltr'><strong>cauere</strong></span> <span class='ocrx_word' id='word_1_96' title='bbox 584 695 775 732; x_wconf 89' lang='lat' dir='ltr'><strong>uidentur</strong></span> <span class='ocrx_word' id='word_1_97' title='bbox 797 706 848 731; x_wconf 89' lang='lat' dir='ltr'><strong>ne</strong></span> <span class='ocrx_word' id='word_1_98' title='bbox 872 692 932 731; x_wconf 90' lang='lat' dir='ltr'><strong>his</strong></span> <span class='ocrx_word' id='word_1_99' title='bbox 955 694 1103 732; x_wconf 88' lang='lat' dir='ltr'><strong>rasuris</strong></span> <span class='ocrx_word' id='word_1_100' title='bbox 1133 694 1302 732; x_wconf 88' lang='lat' dir='ltr'><strong>nimium</strong></span> <span class='ocrx_word' id='word_1_101' title='bbox 1332 693 1561 732; x_wconf 77' lang='lat' dir='ltr'><strong>tribuamus</strong></span> <span class='ocrx_word' id='word_1_102' title='bbox 1592 699 1633 732; x_wconf 89' lang='lat' dir='ltr'><strong>et</strong></span> <span class='ocrx_word' id='word_1_103' title='bbox 1656 693 1916 732; x_wconf 89' lang='lat' dir='ltr'><strong>reconditum</strong></span> 
     </span>
     <span class='ocr_line' id='line_1_10' title="bbox 284 763 1915 818; baseline -0.001 -14"><span class='ocrx_word' id='word_1_104' title='bbox 284 766 435 818; x_wconf 88' lang='lat' dir='ltr'><strong>aliquid</strong></span> <span class='ocrx_word' id='word_1_105' title='bbox 455 765 581 804; x_wconf 87' lang='lat' dir='ltr'><strong>latere</strong></span> <span class='ocrx_word' id='word_1_106' title='bbox 614 770 819 815; x_wconf 89' lang='lat' dir='ltr'><strong>putemus,</strong></span> <span class='ocrx_word' id='word_1_107' title='bbox 847 763 916 801; x_wconf 93' lang='lat' dir='ltr'><strong>ubi</strong></span> <span class='ocrx_word' id='word_1_108' title='bbox 939 763 1062 801; x_wconf 92' lang='lat' dir='ltr'><strong>meris</strong></span> <span class='ocrx_word' id='word_1_109' title='bbox 1081 764 1200 815; x_wconf 88' lang='lat' dir='ltr'><strong>nugis</strong></span> <span class='ocrx_word' id='word_1_110' title='bbox 1225 764 1416 802; x_wconf 87' lang='lat' dir='ltr'><strong>turbatus</strong></span> <span class='ocrx_word' id='word_1_111' title='bbox 1436 769 1499 802; x_wconf 89' lang='lat' dir='ltr'><strong>est</strong></span> <span class='ocrx_word' id='word_1_112' title='bbox 1517 765 1743 815; x_wconf 80' lang='lat' dir='ltr'><strong>scripturae</strong></span> <span class='ocrx_word' id='word_1_113' title='bbox 1762 764 1915 803; x_wconf 91' lang='lat' dir='ltr'><strong>codicis</strong></span> 
     </span>
     <span class='ocr_line' id='line_1_11' title="bbox 283 832 1916 886; baseline -0.001 -12"><span class='ocrx_word' id='word_1_114' title='bbox 283 844 414 875; x_wconf 91' lang='lat' dir='ltr'><strong>tenor.</strong></span> <span class='ocrx_word' id='word_1_115' title='bbox 478 834 753 873; x_wconf 80' lang='lat' dir='ltr'>Nihilominus</span> <span class='ocrx_word' id='word_1_116' title='bbox 787 833 912 872; x_wconf 88' lang='lat' dir='ltr'><strong>etiam</strong></span> <span class='ocrx_word' id='word_1_117' title='bbox 946 846 1000 871; x_wconf 79' lang='lat' dir='ltr'><strong>ex</strong></span> <span class='ocrx_word' id='word_1_118' title='bbox 1040 835 1188 872; x_wconf 90' lang='lat' dir='ltr'><strong>rasuris</strong></span> <span class='ocrx_word' id='word_1_119' title='bbox 1227 833 1403 872; x_wconf 81' lang='lat' dir='ltr'><strong>subinde</strong></span> <span class='ocrx_word' id='word_1_120' title='bbox 1436 833 1588 886; x_wconf 90' lang='lat' dir='ltr'><strong>aliquid</strong></span> <span class='ocrx_word' id='word_1_121' title='bbox 1621 832 1746 886; x_wconf 87' lang='lat' dir='ltr'><strong>frugis</strong></span> <span class='ocrx_word' id='word_1_122' title='bbox 1777 833 1916 873; x_wconf 86' lang='lat' dir='ltr'><strong>bonae</strong></span> 
     </span>
     <span class='ocr_line' id='line_1_12' title="bbox 284 903 1917 956; baseline -0.001 -11"><span class='ocrx_word' id='word_1_123' title='bbox 284 908 336 945; x_wconf 91' lang='lat' dir='ltr'><strong>ad</strong></span> <span class='ocrx_word' id='word_1_124' title='bbox 379 906 589 956; x_wconf 83' lang='lat' dir='ltr'><strong>scriptoris</strong></span> <span class='ocrx_word' id='word_1_125' title='bbox 645 905 983 943; x_wconf 79' lang='lat' dir='ltr'><strong>emendationem</strong></span> <span class='ocrx_word' id='word_1_126' title='bbox 1034 905 1166 955; x_wconf 90' lang='lat' dir='ltr'><strong>repeti</strong></span> <span class='ocrx_word' id='word_1_127' title='bbox 1207 917 1353 956; x_wconf 88' lang='lat' dir='ltr'><strong>posse,</strong></span> <span class='ocrx_word' id='word_1_128' title='bbox 1408 906 1733 944; x_wconf 88' lang='lat' dir='ltr'><strong>commentarius</strong></span> <span class='ocrx_word' id='word_1_129' title='bbox 1774 903 1917 944; x_wconf 84' lang='lat' dir='ltr'><strong>noster</strong></span> 
     </span>
     <span class='ocr_line' id='line_1_13' title="bbox 283 975 593 1015; baseline -0.006 0"><span class='ocrx_word' id='word_1_130' title='bbox 283 977 380 1015; x_wconf 84' lang='lat' dir='ltr'><strong>satis</strong></span> <span class='ocrx_word' id='word_1_131' title='bbox 413 975 593 1014; x_wconf 82' lang='lat' dir='ltr'><strong>docebit.</strong></span> 
     </span>
    </p>

    <p class='ocr_par' dir='ltr' id='par_1_3' title="bbox 277 1044 1916 2876">
     <span class='ocr_line' id='line_1_14' title="bbox 402 1044 1916 1097; baseline -0.001 -12"><span class='ocrx_word' id='word_1_132' title='bbox 402 1045 486 1085; x_wconf 74' lang='lat' dir='ltr'><strong>Sed</strong></span> <span class='ocrx_word' id='word_1_133' title='bbox 520 1059 571 1084; x_wconf 88' lang='lat' dir='ltr'><strong>ne</strong></span> <span class='ocrx_word' id='word_1_134' title='bbox 604 1046 854 1084; x_wconf 83' lang='lat' dir='ltr'><strong>correctoria</strong></span> <span class='ocrx_word' id='word_1_135' title='bbox 886 1045 1054 1096; x_wconf 92' lang='lat' dir='ltr'><strong>quidem</strong></span> <span class='ocrx_word' id='word_1_136' title='bbox 1088 1044 1166 1084; x_wconf 88' lang='lat' dir='ltr'><strong>hac</strong></span> <span class='ocrx_word' id='word_1_137' title='bbox 1189 1058 1317 1097; x_wconf 87' lang='lat' dir='ltr'><strong>opera</strong></span> <span class='ocrx_word' id='word_1_138' title='bbox 1340 1045 1533 1085; x_wconf 90' lang='lat' dir='ltr'><strong>absoluta</strong></span> <span class='ocrx_word' id='word_1_139' title='bbox 1555 1046 1709 1084; x_wconf 90' lang='lat' dir='ltr'><strong>codicis</strong></span> <span class='ocrx_word' id='word_1_140' title='bbox 1732 1058 1851 1084; x_wconf 91' lang='lat' dir='ltr'><strong>casus</strong></span> <span class='ocrx_word' id='word_1_141' title='bbox 1874 1051 1916 1084; x_wconf 92' lang='lat' dir='ltr'><strong>et</strong></span> 
     </span>
     <span class='ocr_line' id='line_1_15' title="bbox 284 1115 1913 1167; baseline -0.001 -11"><span class='ocrx_word' id='word_1_142' title='bbox 284 1123 433 1156; x_wconf 90' lang='lat' dir='ltr'><strong>euenta</strong></span> <span class='ocrx_word' id='word_1_143' title='bbox 455 1117 626 1155; x_wconf 86' lang='lat' dir='ltr'><strong>tandem</strong></span> <span class='ocrx_word' id='word_1_144' title='bbox 651 1115 873 1167; x_wconf 83' lang='lat' dir='ltr'><strong>aliquando</strong></span> <span class='ocrx_word' id='word_1_145' title='bbox 898 1117 950 1154; x_wconf 91' lang='lat' dir='ltr'><strong>ad</strong></span> <span class='ocrx_word' id='word_1_146' title='bbox 975 1116 1134 1155; x_wconf 81' lang='lat' dir='ltr'><strong>exitum</strong></span> <span class='ocrx_word' id='word_1_147' title='bbox 1155 1117 1366 1167; x_wconf 78' lang='lat' dir='ltr'><strong>quendam</strong></span> <span class='ocrx_word' id='word_1_148' title='bbox 1386 1118 1548 1155; x_wconf 91' lang='lat' dir='ltr'><strong>uenisse</strong></span> <span class='ocrx_word' id='word_1_149' title='bbox 1569 1117 1751 1155; x_wconf 92' lang='lat' dir='ltr'><strong>indicant</strong></span> <span class='ocrx_word' id='word_1_150' title='bbox 1772 1128 1913 1154; x_wconf 86' lang='lat' dir='ltr'><strong>recen-</strong></span> 
     </span>
     <span class='ocr_line' id='line_1_16' title="bbox 282 1186 1914 1239; baseline -0.002 -12"><span class='ocrx_word' id='word_1_151' title='bbox 282 1189 433 1227; x_wconf 84' lang='lat' dir='ltr'><strong>tiorum</strong></span> <span class='ocrx_word' id='word_1_152' title='bbox 467 1188 693 1225; x_wconf 89' lang='lat' dir='ltr'><strong>scribarum</strong></span> <span class='ocrx_word' id='word_1_153' title='bbox 724 1200 890 1233; x_wconf 88' lang='lat' dir='ltr'><strong>manus,</strong></span> <span class='ocrx_word' id='word_1_154' title='bbox 924 1200 1031 1237; x_wconf 89' lang='lat' dir='ltr'><strong>quae</strong></span> <span class='ocrx_word' id='word_1_155' title='bbox 1064 1200 1193 1238; x_wconf 88' lang='lat' dir='ltr'><strong>usque</strong></span> <span class='ocrx_word' id='word_1_156' title='bbox 1217 1188 1269 1226; x_wconf 89' lang='lat' dir='ltr'><strong>acl</strong></span> <span class='ocrx_word' id='word_1_157' title='bbox 1292 1186 1416 1225; x_wconf 80' lang='lat' dir='ltr'><strong>finem</strong></span> <span class='ocrx_word' id='word_1_158' title='bbox 1440 1186 1590 1225; x_wconf 88' lang='lat' dir='ltr'><strong>saeculi</strong></span> <span class='ocrx_word' id='word_1_159' title='bbox 1613 1187 1743 1239; x_wconf 87' lang='lat' dir='ltr'><strong>quinti</strong></span> <span class='ocrx_word' id='word_1_160' title='bbox 1765 1186 1914 1225; x_wconf 89' lang='lat' dir='ltr'><strong>decimi</strong></span> 
     </span>
     <span class='ocr_line' id='line_1_17' title="bbox 283 1257 1912 1309; baseline 0 -13"><span class='ocrx_word' id='word_1_161' title='bbox 283 1271 376 1296; x_wconf 86' lang='lat' dir='ltr'><strong>eum</strong></span> <span class='ocrx_word' id='word_1_162' title='bbox 400 1265 577 1297; x_wconf 81' lang='lat' dir='ltr'><strong>trac·are</strong></span> <span class='ocrx_word' id='word_1_163' title='bbox 601 1271 681 1295; x_wconf 90' lang='lat' dir='ltr'><strong>non</strong></span> <span class='ocrx_word' id='word_1_164' title='bbox 707 1258 928 1304; x_wconf 86' lang='lat' dir='ltr'><strong>desierunt,</strong></span> <span class='ocrx_word' id='word_1_165' title='bbox 958 1270 1131 1308; x_wconf 89' lang='lat' dir='ltr'><strong>quarum</strong></span> <span class='ocrx_word' id='word_1_166' title='bbox 1156 1270 1250 1296; x_wconf 91' lang='lat' dir='ltr'><strong>cum</strong></span> <span class='ocrx_word' id='word_1_167' title='bbox 1275 1270 1374 1296; x_wconf 91' lang='lat' dir='ltr'><strong>sane</strong></span> <span class='ocrx_word' id='word_1_168' title='bbox 1396 1257 1564 1309; x_wconf 77' lang='lat' dir='ltr'><strong>aliquod</strong></span> <span class='ocrx_word' id='word_1_169' title='bbox 1588 1258 1810 1296; x_wconf 87' lang='lat' dir='ltr'><strong>discrimen</strong></span> <span class='ocrx_word' id='word_1_170' title='bbox 1831 1262 1912 1296; x_wconf 89' lang='lat' dir='ltr'><strong>sta-</strong></span> 
     </span>
     <span class='ocr_line' id='line_1_18' title="bbox 281 1327 1912 1379; baseline -0.001 -12"><span class='ocrx_word' id='word_1_171' title='bbox 281 1336 396 1368; x_wconf 89' lang='lat' dir='ltr'><strong>tuere</strong></span> <span class='ocrx_word' id='word_1_172' title='bbox 419 1328 549 1374; x_wconf 88' lang='lat' dir='ltr'><strong>liceat,</strong></span> <span class='ocrx_word' id='word_1_173' title='bbox 573 1329 625 1367; x_wconf 89' lang='lat' dir='ltr'><strong>ad</strong></span> <span class='ocrx_word' id='word_1_174' title='bbox 649 1328 989 1366; x_wconf 78' lang='lat' dir='ltr'><strong>emendationem</strong></span> <span class='ocrx_word' id='word_1_175' title='bbox 1014 1327 1168 1366; x_wconf 91' lang='lat' dir='ltr'><strong>nullam</strong></span> <span class='ocrx_word' id='word_1_176' title='bbox 1192 1341 1333 1367; x_wconf 89' lang='lat' dir='ltr'><strong>earum</strong></span> <span class='ocrx_word' id='word_1_177' title='bbox 1350 1328 1415 1367; x_wconf 90' lang='lat' dir='ltr'><strong>uel</strong></span> <span class='ocrx_word' id='word_1_178' title='bbox 1429 1328 1645 1379; x_wconf 77' lang='lat' dir='ltr'><strong>archetypi</strong></span> <span class='ocrx_word' id='word_1_179' title='bbox 1660 1328 1723 1366; x_wconf 92' lang='lat' dir='ltr'><strong>uel</strong></span> <span class='ocrx_word' id='word_1_180' title='bbox 1739 1327 1912 1366; x_wconf 90' lang='lat' dir='ltr'><strong>aliorum</strong></span> 
     </span>
     <span class='ocr_line' id='line_1_19' title="bbox 281 1397 1913 1450; baseline -0.001 -12"><span class='ocrx_word' id='word_1_181' title='bbox 281 1399 559 1438; x_wconf 74' lang='lat' dir='ltr'><strong>subsidiorum</strong></span> <span class='ocrx_word' id='word_1_182' title='bbox 583 1412 664 1450; x_wconf 93' lang='lat' dir='ltr'><strong>ope</strong></span> <span class='ocrx_word' id='word_1_183' title='bbox 687 1399 871 1436; x_wconf 76' lang='lat' dir='ltr'><strong>adiutam</strong></span> <span class='ocrx_word' id='word_1_184' title='bbox 897 1412 999 1445; x_wconf 88' lang='lat' dir='ltr'><strong>esse,</strong></span> <span class='ocrx_word' id='word_1_185' title='bbox 1023 1397 1201 1438; x_wconf 82' lang='lat' dir='ltr'><strong>fidenter</strong></span> <span class='ocrx_word' id='word_1_186' title='bbox 1224 1398 1446 1447; x_wconf 78' lang='lat' dir='ltr'><strong>adfirmes3</strong></span> <span class='ocrx_word' id='word_1_187' title='bbox 1472 1400 1505 1438; x_wconf 90' lang='lat' dir='ltr'><strong>si</strong></span> <span class='ocrx_word' id='word_1_188' title='bbox 1522 1399 1621 1450; x_wconf 91' lang='lat' dir='ltr'><strong>quid</strong></span> <span class='ocrx_word' id='word_1_189' title='bbox 1635 1399 1774 1437; x_wconf 90' lang='lat' dir='ltr'><strong>bonae</strong></span> <span class='ocrx_word' id='word_1_190' title='bbox 1787 1397 1913 1449; x_wconf 85' lang='lat' dir='ltr'><strong>frugis</strong></span> 
     </span>
     <span class='ocr_line' id='line_1_20' title="bbox 280 1469 1912 1522; baseline -0.001 -15"><span class='ocrx_word' id='word_1_191' title='bbox 280 1470 448 1517; x_wconf 82' lang='lat' dir='ltr'><strong>habent,</strong></span> <span class='ocrx_word' id='word_1_192' title='bbox 470 1470 511 1508; x_wconf 91' lang='lat' dir='ltr'><strong>id</strong></span> <span class='ocrx_word' id='word_1_193' title='bbox 533 1482 672 1508; x_wconf 81' lang='lat' dir='ltr'><strong>merae</strong></span> <span class='ocrx_word' id='word_1_194' title='bbox 694 1470 958 1508; x_wconf 87' lang='lat' dir='ltr'><strong>coniecturae</strong></span> <span class='ocrx_word' id='word_1_195' title='bbox 973 1469 1160 1517; x_wconf 89' lang='lat' dir='ltr'><strong>debetur,</strong></span> <span class='ocrx_word' id='word_1_196' title='bbox 1185 1469 1317 1508; x_wconf 88' lang='lat' dir='ltr'><strong>multo</strong></span> <span class='ocrx_word' id='word_1_197' title='bbox 1331 1471 1494 1521; x_wconf 91' lang='lat' dir='ltr'><strong>saepius</strong></span> <span class='ocrx_word' id='word_1_198' title='bbox 1509 1483 1706 1522; x_wconf 87' lang='lat' dir='ltr'><strong>peruersa</strong></span> <span class='ocrx_word' id='word_1_199' title='bbox 1719 1474 1760 1507; x_wconf 91' lang='lat' dir='ltr'><strong>et</strong></span> <span class='ocrx_word' id='word_1_200' title='bbox 1782 1480 1912 1518; x_wconf 87' lang='lat' dir='ltr'><strong>nuga-</strong></span> 
     </span>
     <span class='ocr_line' id='line_1_21' title="bbox 280 1539 1914 1592; baseline -0.002 -12"><span class='ocrx_word' id='word_1_201' title='bbox 280 1541 386 1580; x_wconf 85' lang='lat' dir='ltr'><strong>toria</strong></span> <span class='ocrx_word' id='word_1_202' title='bbox 408 1539 607 1579; x_wconf 86' lang='lat' dir='ltr'><strong>adferunt.</strong></span> <span class='ocrx_word' id='word_1_203' title='bbox 644 1539 787 1590; x_wconf 76' lang='lat' dir='ltr'><strong>Atque</strong></span> <span class='ocrx_word' id='word_1_204' title='bbox 804 1548 845 1578; x_wconf 90' lang='lat' dir='ltr'><strong>ut</strong></span> <span class='ocrx_word' id='word_1_205' title='bbox 861 1541 1002 1579; x_wconf 89' lang='lat' dir='ltr'><strong>statim</strong></span> <span class='ocrx_word' id='word_1_206' title='bbox 1021 1541 1074 1578; x_wconf 90' lang='lat' dir='ltr'><strong>ab</strong></span> <span class='ocrx_word' id='word_1_207' title='bbox 1089 1541 1200 1579; x_wconf 91' lang='lat' dir='ltr'><strong>initio</strong></span> <span class='ocrx_word' id='word_1_208' title='bbox 1217 1542 1430 1579; x_wconf 86' lang='lat' dir='ltr'><strong>mittamus</strong></span> <span class='ocrx_word' id='word_1_209' title='bbox 1445 1540 1607 1592; x_wconf 80' lang='lat' dir='ltr'><strong>glossas</strong></span> <span class='ocrx_word' id='word_1_210' title='bbox 1621 1539 1914 1590; x_wconf 85' lang='lat' dir='ltr'><strong>interlineares,</strong></span> 
     </span>
     <span class='ocr_line' id='line_1_22' title="bbox 280 1610 1911 1663; baseline 0 -15"><span class='ocrx_word' id='word_1_211' title='bbox 280 1624 454 1663; x_wconf 87' lang='lat' dir='ltr'><strong>quarum</strong></span> <span class='ocrx_word' id='word_1_212' title='bbox 488 1610 703 1649; x_wconf 86' lang='lat' dir='ltr'><strong>nonnullas</strong></span> <span class='ocrx_word' id='word_1_213' title='bbox 737 1611 822 1649; x_wconf 90' lang='lat' dir='ltr'><strong>iure</strong></span> <span class='ocrx_word' id='word_1_214' title='bbox 854 1625 929 1649; x_wconf 88' lang='lat' dir='ltr'><strong>suo</strong></span> <span class='ocrx_word' id='word_1_215' title='bbox 964 1610 1090 1650; x_wconf 82' lang='lat' dir='ltr'><strong>Gertz</strong></span> <span class='ocrx_word' id='word_1_216' title='bbox 1123 1613 1203 1650; x_wconf 91' lang='lat' dir='ltr'><strong>risu</strong></span> <span class='ocrx_word' id='word_1_217' title='bbox 1246 1617 1488 1663; x_wconf 86' lang='lat' dir='ltr'><strong>persecutus</strong></span> <span class='ocrx_word' id='word_1_218' title='bbox 1521 1616 1604 1658; x_wconf 90' lang='lat' dir='ltr'><strong>est,</strong></span> <span class='ocrx_word' id='word_1_219' title='bbox 1647 1610 1911 1662; x_wconf 86' lang='lat' dir='ltr'><strong>prudentiam</strong></span> 
     </span>
     <span class='ocr_line' id='line_1_23' title="bbox 279 1680 1912 1734; baseline -0.001 -14"><span class='ocrx_word' id='word_1_220' title='bbox 279 1682 489 1734; x_wconf 88' lang='lat' dir='ltr'><strong>quandam</strong></span> <span class='ocrx_word' id='word_1_221' title='bbox 523 1689 564 1720; x_wconf 91' lang='lat' dir='ltr'><strong>et</strong></span> <span class='ocrx_word' id='word_1_222' title='bbox 597 1681 1012 1732; x_wconf 80' lang='lat' dir='ltr'><strong>circumspectionem</strong></span> <span class='ocrx_word' id='word_1_223' title='bbox 1056 1695 1155 1733; x_wconf 88' lang='lat' dir='ltr'><strong>prae</strong></span> <span class='ocrx_word' id='word_1_224' title='bbox 1198 1695 1243 1721; x_wconf 90' lang='lat' dir='ltr'><strong>se</strong></span> <span class='ocrx_word' id='word_1_225' title='bbox 1286 1680 1365 1720; x_wconf 90' lang='lat' dir='ltr'><strong>fert</strong></span> <span class='ocrx_word' id='word_1_226' title='bbox 1404 1695 1453 1720; x_wconf 89' lang='lat' dir='ltr'><strong>ea</strong></span> <span class='ocrx_word' id='word_1_227' title='bbox 1492 1695 1638 1720; x_wconf 90' lang='lat' dir='ltr'><strong>manus</strong></span> <span class='ocrx_word' id='word_1_228' title='bbox 1671 1680 1735 1719; x_wconf 90' lang='lat' dir='ltr'><strong>uel</strong></span> <span class='ocrx_word' id='word_1_229' title='bbox 1770 1693 1912 1719; x_wconf 92' lang='lat' dir='ltr'><strong>earum</strong></span> 
     </span>
     <span class='ocr_line' id='line_1_24' title="bbox 280 1751 1913 1804; baseline -0.001 -14"><span class='ocrx_word' id='word_1_230' title='bbox 280 1765 476 1790; x_wconf 87' lang='lat' dir='ltr'><strong>manuum</strong></span> <span class='ocrx_word' id='word_1_231' title='bbox 509 1751 685 1802; x_wconf 80' lang='lat' dir='ltr'><strong>sylloge,</strong></span> <span class='ocrx_word' id='word_1_232' title='bbox 718 1765 843 1803; x_wconf 91' lang='lat' dir='ltr'><strong>quam</strong></span> <span class='ocrx_word' id='word_1_233' title='bbox 877 1760 1093 1804; x_wconf 87' lang='lat' dir='ltr'><strong>tamquam</strong></span> <span class='ocrx_word' id='word_1_234' title='bbox 1126 1759 1317 1803; x_wconf 86' lang='lat' dir='ltr'><strong>quartam</strong></span> <span class='ocrx_word' id='word_1_235' title='bbox 1350 1753 1514 1804; x_wconf 87' lang='lat' dir='ltr'><strong>saepius</strong></span> <span class='ocrx_word' id='word_1_236' title='bbox 1546 1753 1584 1791; x_wconf 93' lang='lat' dir='ltr'><strong>in</strong></span> <span class='ocrx_word' id='word_1_237' title='bbox 1608 1751 1913 1790; x_wconf 89' lang='lat' dir='ltr'><strong>commentario</strong></span> 
     </span>
     <span class='ocr_line' id='line_1_25' title="bbox 278 1821 1912 1874; baseline 0 -14"><span class='ocrx_word' id='word_1_238' title='bbox 278 1824 623 1868; x_wconf 88' lang='lat' dir='ltr'><strong>commemoraui,</strong></span> <span class='ocrx_word' id='word_1_239' title='bbox 668 1822 912 1874; x_wconf 88' lang='lat' dir='ltr'><strong>plerumque</strong></span> <span class='ocrx_word' id='word_1_240' title='bbox 954 1823 1029 1861; x_wconf 89' lang='lat' dir='ltr'><strong>sed</strong></span> <span class='ocrx_word' id='word_1_241' title='bbox 1072 1836 1156 1861; x_wconf 90' lang='lat' dir='ltr'><strong>non</strong></span> <span class='ocrx_word' id='word_1_242' title='bbox 1199 1836 1366 1873; x_wconf 83' lang='lat' dir='ltr'><strong>semper</strong></span> <span class='ocrx_word' id='word_1_243' title='bbox 1407 1823 1574 1874; x_wconf 86' lang='lat' dir='ltr'><strong>insignis</strong></span> <span class='ocrx_word' id='word_1_244' title='bbox 1617 1821 1684 1861; x_wconf 90' lang='lat' dir='ltr'><strong>illa</strong></span> <span class='ocrx_word' id='word_1_245' title='bbox 1735 1826 1837 1860; x_wconf 89' lang='lat' dir='ltr'><strong>nota</strong></span> <span class='ocrx_word' id='word_1_246' title='bbox 1879 1834 1912 1868; x_wconf 90' lang='lat' dir='ltr'><strong>e,</strong></span> 
     </span>
     <span class='ocr_line' id='line_1_26' title="bbox 278 1892 1913 1945; baseline 0 -15"><span class='ocrx_word' id='word_1_247' title='bbox 278 1892 389 1931; x_wconf 88' lang='lat' dir='ltr'><strong>uelut</strong></span> <span class='ocrx_word' id='word_1_248' title='bbox 424 1894 471 1939; x_wconf 87' lang='grc'><strong>2,</strong></span> <span class='ocrx_word' id='word_1_249' title='bbox 505 1894 551 1938; x_wconf 86' lang='grc'><strong>2,</strong></span> <span class='ocrx_word' id='word_1_250' title='bbox 597 1894 619 1930; x_wconf 86' lang='grc'><strong>2</strong></span> <span class='ocrx_word' id='word_1_251' title='bbox 664 1906 757 1931; x_wconf 90' lang='lat' dir='ltr'><strong>cum</strong></span> <span class='ocrx_word' id='word_1_252' title='bbox 792 1907 844 1932; x_wconf 92' lang='lat' dir='ltr'><strong>m.</strong></span> <span class='ocrx_word' id='word_1_253' title='bbox 893 1894 915 1931; x_wconf 85' lang='grc'><strong>2</strong></span> <span class='ocrx_word' id='word_1_254' title='bbox 951 1895 1103 1932; x_wconf 87' lang='lat' dir='ltr'><strong>codicis</strong></span> <span class='ocrx_word' id='word_1_255' title='bbox 1135 1895 1383 1945; x_wconf 87' lang='lat' dir='ltr'><strong>scripturam</strong></span> <span class='ocrx_word' id='word_1_256' title='bbox 1425 1896 1605 1933; x_wconf 68' lang='lat' dir='ltr'><strong>uenatore?</strong></span> <span class='ocrx_word' id='word_1_257' title='bbox 1636 1897 1842 1932; x_wconf 88' lang='lat' dir='ltr'><strong>mutasset</strong></span> <span class='ocrx_word' id='word_1_258' title='bbox 1873 1893 1913 1930; x_wconf 92' lang='lat' dir='ltr'><strong>in</strong></span> 
     </span>
     <span class='ocr_line' id='line_1_27' title="bbox 277 1964 1913 2016; baseline -0.001 -15"><span class='ocrx_word' id='word_1_259' title='bbox 277 1967 493 2013; x_wconf 60' lang='lat' dir='ltr'><strong>uenatoria,</strong></span> <span class='ocrx_word' id='word_1_260' title='bbox 528 1965 753 2002; x_wconf 78' lang='lat' dir='ltr'><strong>rectissime</strong></span> <span class='ocrx_word' id='word_1_261' title='bbox 786 1965 825 2002; x_wconf 92' lang='lat' dir='ltr'><strong>in</strong></span> <span class='ocrx_word' id='word_1_262' title='bbox 859 1978 911 2003; x_wconf 87' lang='lat' dir='ltr'><strong>m.</strong></span> <span class='ocrx_word' id='word_1_263' title='bbox 945 1966 1083 2016; x_wconf 85' lang='lat' dir='ltr'><strong>posuit</strong></span> <span class='ocrx_word' id='word_1_264' title='bbox 1122 1967 1338 2011; x_wconf 44' lang='lat' dir='ltr'><strong>venatori&amp;</strong></span> <span class='ocrx_word' id='word_1_265' title='bbox 1372 1967 1417 2012; x_wconf 85' lang='lat'><strong>5,</strong></span> <span class='ocrx_word' id='word_1_266' title='bbox 1452 1966 1527 2011; x_wconf 79' lang='grc'><strong>23,</strong></span> <span class='ocrx_word' id='word_1_267' title='bbox 1563 1966 1585 2004; x_wconf 77' lang='lat' dir='ltr'>S</span> <span class='ocrx_word' id='word_1_268' title='bbox 1620 1964 1713 2002; x_wconf 88' lang='lat' dir='ltr'><strong>uoci</strong></span> <span class='ocrx_word' id='word_1_269' title='bbox 1750 1966 1913 2012; x_wconf 74' lang='lat' dir='ltr'><strong>feruere</strong></span> 
     </span>
     <span class='ocr_line' id='line_1_28' title="bbox 278 2034 1914 2087; baseline -0.001 -15"><span class='ocrx_word' id='word_1_270' title='bbox 278 2034 504 2072; x_wconf 76' lang='lat' dir='ltr'><strong>rectissime</strong></span> <span class='ocrx_word' id='word_1_271' title='bbox 537 2035 822 2086; x_wconf 80' lang='lat' dir='ltr'><strong>suprascripsit</strong></span> <span class='ocrx_word' id='word_1_272' title='bbox 857 2038 1022 2087; x_wconf 69' lang='lat' dir='ltr'><strong>fruere,</strong></span> <span class='ocrx_word' id='word_1_273' title='bbox 1071 2039 1118 2083; x_wconf 89' lang='lat'><strong>5,</strong></span> <span class='ocrx_word' id='word_1_274' title='bbox 1158 2038 1231 2083; x_wconf 79' lang='lat'><strong>15,</strong></span> <span class='ocrx_word' id='word_1_275' title='bbox 1265 2035 1288 2073; x_wconf 83' lang='lat'><strong>3</strong></span> <span class='ocrx_word' id='word_1_276' title='bbox 1323 2034 1411 2074; x_wconf 49' lang='lat' dir='ltr'><strong>edit?</strong></span> <span class='ocrx_word' id='word_1_277' title='bbox 1446 2037 1485 2075; x_wconf 92' lang='lat' dir='ltr'><strong>in</strong></span> <span class='ocrx_word' id='word_1_278' title='bbox 1518 2036 1706 2086; x_wconf 77' lang='lat' dir='ltr'><strong>margine</strong></span> <span class='ocrx_word' id='word_1_279' title='bbox 1737 2034 1776 2072; x_wconf 91' lang='lat' dir='ltr'><strong>in</strong></span> <span class='ocrx_word' id='word_1_280' title='bbox 1809 2040 1914 2072; x_wconf 72' lang='lat' dir='ltr'><strong>estur</strong></span> 
     </span>
     <span class='ocr_line' id='line_1_29' title="bbox 279 2104 1912 2157; baseline 0.003 -16"><span class='ocrx_word' id='word_1_281' title='bbox 279 2106 525 2142; x_wconf 81' lang='lat' dir='ltr'><strong>mutandum</strong></span> <span class='ocrx_word' id='word_1_282' title='bbox 565 2118 655 2142; x_wconf 81' lang='lat' dir='ltr'><strong>esse</strong></span> <span class='ocrx_word' id='word_1_283' title='bbox 687 2104 954 2155; x_wconf 82' lang='lat' dir='ltr'><strong>significauit3</strong></span> <span class='ocrx_word' id='word_1_284' title='bbox 993 2109 1039 2154; x_wconf 89' lang='lat'><strong>5,</strong></span> <span class='ocrx_word' id='word_1_285' title='bbox 1080 2109 1149 2153; x_wconf 89' lang='lat'><strong>15,</strong></span> <span class='ocrx_word' id='word_1_286' title='bbox 1192 2108 1214 2144; x_wconf 75' lang='lat'><strong>4</strong></span> <span class='ocrx_word' id='word_1_287' title='bbox 1263 2107 1354 2145; x_wconf 90' lang='lat' dir='ltr'><strong>uoci</strong></span> <span class='ocrx_word' id='word_1_288' title='bbox 1397 2110 1565 2156; x_wconf 49' lang='lat' dir='ltr'><strong>resperas</strong></span> <span class='ocrx_word' id='word_1_289' title='bbox 1597 2107 1817 2157; x_wconf 85' lang='lat' dir='ltr'><strong>adscripsit</strong></span> <span class='ocrx_word' id='word_1_290' title='bbox 1848 2119 1912 2146; x_wconf 84' lang='lat' dir='ltr'><strong>re-</strong></span> 
     </span>
     <span class='ocr_line' id='line_1_30' title="bbox 277 2176 1910 2228; baseline 0.003 -17"><span class='ocrx_word' id='word_1_291' title='bbox 277 2177 478 2223; x_wconf 64' lang='lat' dir='ltr'><strong>slw.r(›·ri.s·;</strong></span> <span class='ocrx_word' id='word_1_292' title='bbox 518 2178 552 2219; x_wconf 70' lang='grc' dir='ltr'><strong>ἴ),</strong></span> <span class='ocrx_word' id='word_1_293' title='bbox 594 2176 652 2222; x_wconf 78' lang='grc'><strong>16,</strong></span> <span class='ocrx_word' id='word_1_294' title='bbox 688 2180 707 2213; x_wconf 61' lang='lat' dir='ltr'><strong>&gt;l</strong></span> <span class='ocrx_word' id='word_1_295' title='bbox 744 2180 820 2214; x_wconf 75' lang='lat' dir='ltr'><strong>uile</strong></span> <span class='ocrx_word' id='word_1_296' title='bbox 852 2181 985 2224; x_wconf 59' lang='lat' dir='ltr'><strong>fabre,</strong></span> <span class='ocrx_word' id='word_1_297' title='bbox 1018 2177 1134 2228; x_wconf 84' lang='lat' dir='ltr'><strong>quod</strong></span> <span class='ocrx_word' id='word_1_298' title='bbox 1168 2190 1262 2216; x_wconf 90' lang='lat' dir='ltr'><strong>cum</strong></span> <span class='ocrx_word' id='word_1_299' title='bbox 1295 2179 1334 2216; x_wconf 93' lang='lat' dir='ltr'><strong>in</strong></span> <span class='ocrx_word' id='word_1_300' title='bbox 1358 2191 1499 2216; x_wconf 84' lang='lat' dir='ltr'><strong>rasura</strong></span> <span class='ocrx_word' id='word_1_301' title='bbox 1519 2179 1570 2216; x_wconf 90' lang='lat' dir='ltr'><strong>sit</strong></span> <span class='ocrx_word' id='word_1_302' title='bbox 1593 2178 1751 2216; x_wconf 87' lang='lat' dir='ltr'><strong>nescias</strong></span> <span class='ocrx_word' id='word_1_303' title='bbox 1773 2183 1910 2217; x_wconf 91' lang='lat' dir='ltr'><strong>utrum</strong></span> 
     </span>
     <span class='ocr_line' id='line_1_31' title="bbox 279 2246 1911 2300; baseline 0.004 -20"><span class='ocrx_word' id='word_1_304' title='bbox 279 2258 326 2281; x_wconf 73' lang='lat' dir='ltr'><strong>ae</strong></span> <span class='ocrx_word' id='word_1_305' title='bbox 358 2251 518 2283; x_wconf 81' lang='lat' dir='ltr'><strong>tantum</strong></span> <span class='ocrx_word' id='word_1_306' title='bbox 553 2246 590 2283; x_wconf 89' lang='lat' dir='ltr'><strong>in</strong></span> <span class='ocrx_word' id='word_1_307' title='bbox 625 2258 643 2283; x_wconf 77' lang='lat' dir='ltr'><strong>e</strong></span> <span class='ocrx_word' id='word_1_308' title='bbox 676 2252 881 2285; x_wconf 89' lang='lat' dir='ltr'><strong>mutatum</strong></span> <span class='ocrx_word' id='word_1_309' title='bbox 915 2249 967 2286; x_wconf 90' lang='lat' dir='ltr'><strong>sit</strong></span> <span class='ocrx_word' id='word_1_310' title='bbox 1000 2261 1051 2286; x_wconf 88' lang='lat' dir='ltr'><strong>an</strong></span> <span class='ocrx_word' id='word_1_311' title='bbox 1084 2251 1146 2287; x_wconf 74' lang='lat' dir='ltr'><strong>uie</strong></span> <span class='ocrx_word' id='word_1_312' title='bbox 1177 2249 1356 2299; x_wconf 88' lang='lat' dir='ltr'><strong>ingenua</strong></span> <span class='ocrx_word' id='word_1_313' title='bbox 1378 2247 1495 2287; x_wconf 86' lang='lat' dir='ltr'><strong>fuerit</strong></span> <span class='ocrx_word' id='word_1_314' title='bbox 1517 2249 1728 2300; x_wconf 85' lang='lat' dir='ltr'><strong>scriptura,</strong></span> <span class='ocrx_word' id='word_1_315' title='bbox 1762 2248 1911 2287; x_wconf 82' lang='lat' dir='ltr'><strong>eadem</strong></span> 
     </span>
     <span class='ocr_line' id='line_1_32' title="bbox 279 2316 1908 2370; baseline 0.004 -18"><span class='ocrx_word' id='word_1_316' title='bbox 279 2328 426 2353; x_wconf 82' lang='lat' dir='ltr'><strong>manus</strong></span> <span class='ocrx_word' id='word_1_317' title='bbox 460 2316 496 2352; x_wconf 90' lang='lat' dir='ltr'><strong>in</strong></span> <span class='ocrx_word' id='word_1_318' title='bbox 531 2317 716 2367; x_wconf 72' lang='lat' dir='ltr'><strong>margine</strong></span> <span class='ocrx_word' id='word_1_319' title='bbox 749 2317 974 2368; x_wconf 83' lang='lat' dir='ltr'><strong>legendum</strong></span> <span class='ocrx_word' id='word_1_320' title='bbox 1008 2332 1098 2358; x_wconf 88' lang='lat' dir='ltr'><strong>esse</strong></span> <span class='ocrx_word' id='word_1_321' title='bbox 1131 2318 1374 2370; x_wconf 81' lang='lat' dir='ltr'><strong>significauit</strong></span> <span class='ocrx_word' id='word_1_322' title='bbox 1407 2322 1468 2358; x_wconf 75' lang='lat' dir='ltr'><strong>uie</strong></span> <span class='ocrx_word' id='word_1_323' title='bbox 1500 2322 1642 2365; x_wconf 48' lang='lat' dir='ltr'><strong>laser&amp;</strong></span> <span class='ocrx_word' id='word_1_324' title='bbox 1687 2320 1732 2366; x_wconf 89' lang='grc'><strong>7,</strong></span> <span class='ocrx_word' id='word_1_325' title='bbox 1774 2319 1850 2366; x_wconf 85' lang='grc'><strong>20,</strong></span> <span class='ocrx_word' id='word_1_326' title='bbox 1885 2321 1908 2359; x_wconf 87' lang='grc'><strong>3</strong></span> 
     </span>
     <span class='ocr_line' id='line_1_33' title="bbox 280 2388 1912 2441; baseline 0.003 -18"><span class='ocrx_word' id='word_1_327' title='bbox 280 2389 489 2423; x_wconf 55' lang='lat' dir='ltr'><strong>(semimaris</strong></span> <span class='ocrx_word' id='word_1_328' title='bbox 522 2388 703 2425; x_wconf 68' lang='lat' dir='ltr'><strong>correxit</strong></span> <span class='ocrx_word' id='word_1_329' title='bbox 732 2389 1011 2441; x_wconf 83' lang='lat' dir='ltr'><strong>suprascripto</strong></span> <span class='ocrx_word' id='word_1_330' title='bbox 1046 2393 1228 2438; x_wconf 67' lang='lat' dir='ltr'><strong>donauit,</strong></span> <span class='ocrx_word' id='word_1_331' title='bbox 1272 2392 1307 2438; x_wconf 87' lang='grc'><strong>7,</strong></span> <span class='ocrx_word' id='word_1_332' title='bbox 1333 2390 1399 2437; x_wconf 84' lang='grc'><strong>20,</strong></span> <span class='ocrx_word' id='word_1_333' title='bbox 1434 2393 1457 2429; x_wconf 87' lang='grc'>4</span> <span class='ocrx_word' id='word_1_334' title='bbox 1489 2402 1593 2428; x_wconf 75' lang='lat' dir='ltr'><strong>nunc</strong></span> <span class='ocrx_word' id='word_1_335' title='bbox 1624 2396 1701 2439; x_wconf 72' lang='grc' dir='ltr'><em>([αᾶ</em></span> <span class='ocrx_word' id='word_1_336' title='bbox 1735 2395 1776 2428; x_wconf 92' lang='lat' dir='ltr'><strong>et</strong></span> <span class='ocrx_word' id='word_1_337' title='bbox 1808 2389 1912 2428; x_wconf 89' lang='lat' dir='ltr'><strong>inter</strong></span> 
     </span>
     <span class='ocr_line' id='line_1_34' title="bbox 279 2450 1912 2511; baseline 0.004 -18"><span class='ocrx_word' id='word_1_338' title='bbox 279 2455 403 2493; x_wconf 83' lang='lat' dir='ltr'><strong>lineas</strong></span> <span class='ocrx_word' id='word_1_339' title='bbox 437 2462 477 2493; x_wconf 86' lang='lat' dir='ltr'><strong>et</strong></span> <span class='ocrx_word' id='word_1_340' title='bbox 516 2458 551 2493; x_wconf 93' lang='lat' dir='ltr'><strong>in</strong></span> <span class='ocrx_word' id='word_1_341' title='bbox 587 2458 772 2506; x_wconf 78' lang='lat' dir='ltr'><strong>margine</strong></span> <span class='ocrx_word' id='word_1_342' title='bbox 816 2461 992 2498; x_wconf 86' lang='lat' dir='ltr'><strong>mutauit</strong></span> <span class='ocrx_word' id='word_1_343' title='bbox 1025 2460 1063 2498; x_wconf 91' lang='lat' dir='ltr'><strong>in</strong></span> <span class='ocrx_word' id='word_1_344' title='bbox 1097 2466 1197 2510; x_wconf 73' lang='lat' dir='ltr'><strong>m7q,·</strong></span> <span class='ocrx_word' id='word_1_345' title='bbox 1243 2462 1289 2507; x_wconf 91' lang='lat'><strong>7,</strong></span> <span class='ocrx_word' id='word_1_346' title='bbox 1333 2461 1411 2508; x_wconf 87' lang='grc'><strong>21,</strong></span> <span class='ocrx_word' id='word_1_347' title='bbox 1459 2450 1492 2499; x_wconf 43' lang='lat'><strong>1⁷</strong></span> <span class='ocrx_word' id='word_1_348' title='bbox 1522 2473 1598 2511; x_wconf 90' lang='lat' dir='ltr'><strong>pro</strong></span> <span class='ocrx_word' id='word_1_349' title='bbox 1641 2461 1912 2499; x_wconf 73' lang='lat' dir='ltr'><strong>contemnebas</strong></span> 
     </span>
     <span class='ocr_line' id='line_1_35' title="bbox 280 2527 1913 2582; baseline 0.003 -19"><span class='ocrx_word' id='word_1_350' title='bbox 280 2527 417 2576; x_wconf 80' lang='lat' dir='ltr'><strong>posuit</strong></span> <span class='ocrx_word' id='word_1_351' title='bbox 462 2528 498 2564; x_wconf 92' lang='lat' dir='ltr'><strong>in</strong></span> <span class='ocrx_word' id='word_1_352' title='bbox 534 2540 587 2565; x_wconf 91' lang='lat' dir='ltr'><strong>m.</strong></span> <span class='ocrx_word' id='word_1_353' title='bbox 621 2532 946 2579; x_wconf 68' lang='lat' dir='ltr'><strong>e(mlenme72(la.s·;</strong></span> <span class='ocrx_word' id='word_1_354' title='bbox 985 2531 1026 2575; x_wconf 91' lang='lat'><strong>7,</strong></span> <span class='ocrx_word' id='word_1_355' title='bbox 1063 2532 1138 2577; x_wconf 87' lang='grc'><strong>21,</strong></span> <span class='ocrx_word' id='word_1_356' title='bbox 1173 2534 1195 2570; x_wconf 74' lang='grc'><strong>3</strong></span> <span class='ocrx_word' id='word_1_357' title='bbox 1221 2531 1313 2570; x_wconf 90' lang='lat' dir='ltr'><strong>uoci</strong></span> <span class='ocrx_word' id='word_1_358' title='bbox 1346 2534 1594 2570; x_wconf 73' lang='lat' dir='ltr'><strong>uincerenlur</strong></span> <span class='ocrx_word' id='word_1_359' title='bbox 1625 2530 1913 2582; x_wconf 88' lang='lat' dir='ltr'><strong>suprascripsit</strong></span> 
     </span>
     <span class='ocr_line' id='line_1_36' title="bbox 279 2588 1905 2655; baseline 0.004 -23"><span class='ocrx_word' id='word_1_360' title='bbox 279 2588 452 2641; x_wconf 51' lang='lat' dir='ltr'><strong>uiseret}</strong></span> <span class='ocrx_word' id='word_1_361' title='bbox 495 2598 530 2643; x_wconf 91' lang='lat'><strong>7,</strong></span> <span class='ocrx_word' id='word_1_362' title='bbox 564 2598 631 2644; x_wconf 89' lang='grc'><strong>21,</strong></span> <span class='ocrx_word' id='word_1_363' title='bbox 666 2599 686 2634; x_wconf 69' lang='grc'>4</span> <span class='ocrx_word' id='word_1_364' title='bbox 723 2602 883 2655; x_wconf 64' lang='grc' dir='ltr'><strong>φηαίθνές</strong></span> <span class='ocrx_word' id='word_1_365' title='bbox 925 2600 963 2637; x_wconf 92' lang='lat' dir='ltr'><strong>in</strong></span> <span class='ocrx_word' id='word_1_366' title='bbox 1007 2614 1137 2652; x_wconf 83' lang='lat' dir='ltr'><strong>marg.</strong></span> <span class='ocrx_word' id='word_1_367' title='bbox 1172 2603 1345 2640; x_wconf 85' lang='lat' dir='ltr'><strong>mutauit</strong></span> <span class='ocrx_word' id='word_1_368' title='bbox 1379 2603 1416 2640; x_wconf 91' lang='lat' dir='ltr'><strong>in</strong></span> <span class='ocrx_word' id='word_1_369' title='bbox 1450 2603 1648 2640; x_wconf 76' lang='lat' dir='ltr'><strong>materiem</strong></span> <span class='ocrx_word' id='word_1_370' title='bbox 1664 2615 1677 2647; x_wconf 91' lang='grc'><strong>,·</strong></span> <span class='ocrx_word' id='word_1_371' title='bbox 1713 2603 1748 2648; x_wconf 90' lang='grc'><strong>7,</strong></span> <span class='ocrx_word' id='word_1_372' title='bbox 1783 2602 1850 2648; x_wconf 84' lang='grc'><strong>23,</strong></span> <span class='ocrx_word' id='word_1_373' title='bbox 1890 2602 1905 2638; x_wconf 91' lang='grc'><strong>1</strong></span> 
     </span>
     <span class='ocr_line' id='line_1_37' title="bbox 278 2680 1907 2733; baseline 0.004 -18"><span class='ocrx_word' id='word_1_374' title='bbox 278 2680 315 2715; x_wconf 74' lang='lat' dir='ltr'><strong>in</strong></span> <span class='ocrx_word' id='word_1_375' title='bbox 359 2691 430 2715; x_wconf 72' lang='lat' dir='ltr'><strong>sna</strong></span> <span class='ocrx_word' id='word_1_376' title='bbox 474 2681 598 2727; x_wconf 68' lang='lat' dir='ltr'><strong>quisq,-</strong></span> <span class='ocrx_word' id='word_1_377' title='bbox 639 2682 713 2716; x_wconf 70' lang='lat' dir='ltr'><em>(lici</em></span> <span class='ocrx_word' id='word_1_378' title='bbox 753 2684 841 2718; x_wconf 61' lang='lat' dir='ltr'><strong>{cvm</strong></span> <span class='ocrx_word' id='word_1_379' title='bbox 884 2682 902 2719; x_wconf 93' lang='lat' dir='ltr'><strong>i.</strong></span> <span class='ocrx_word' id='word_1_380' title='bbox 948 2695 1000 2721; x_wconf 90' lang='lat' dir='ltr'><strong>m.</strong></span> <span class='ocrx_word' id='word_1_381' title='bbox 1045 2685 1222 2722; x_wconf 88' lang='lat' dir='ltr'><strong>mutauit</strong></span> <span class='ocrx_word' id='word_1_382' title='bbox 1265 2684 1302 2721; x_wconf 89' lang='lat' dir='ltr'><strong>in</strong></span> <span class='ocrx_word' id='word_1_383' title='bbox 1346 2696 1419 2733; x_wconf 78' lang='lat' dir='ltr'><strong>que</strong></span> <span class='ocrx_word' id='word_1_384' title='bbox 1456 2697 1529 2722; x_wconf 68' lang='lat' dir='ltr'><strong>succ</strong></span> <span class='ocrx_word' id='word_1_385' title='bbox 1563 2696 1652 2732; x_wconf 61' lang='grc' dir='ltr'><strong>ηερε</strong></span> <span class='ocrx_word' id='word_1_386' title='bbox 1684 2685 1760 2722; x_wconf 66' lang='lat' dir='ltr'><em>dice·</em></span> <span class='ocrx_word' id='word_1_387' title='bbox 1790 2685 1907 2733; x_wconf 76' lang='lat' dir='ltr'><strong>uelil3</strong></span> 
     </span>
     <span class='ocr_line' id='line_1_38' title="bbox 282 2748 1910 2805; baseline 0.006 -22"><span class='ocrx_word' id='word_1_388' title='bbox 282 2748 316 2795; x_wconf 88' lang='grc'><strong>7,</strong></span> <span class='ocrx_word' id='word_1_389' title='bbox 352 2748 415 2788; x_wconf 66' lang='grc'><strong>23,</strong></span> <span class='ocrx_word' id='word_1_390' title='bbox 452 2751 472 2784; x_wconf 69' lang='grc'><strong>1</strong></span> <span class='ocrx_word' id='word_1_391' title='bbox 508 2762 584 2799; x_wconf 88' lang='lat' dir='ltr'><strong>pro</strong></span> <span class='ocrx_word' id='word_1_392' title='bbox 618 2752 777 2787; x_wconf 73' lang='lat' dir='ltr'><strong>donanis</strong></span> <span class='ocrx_word' id='word_1_393' title='bbox 808 2753 967 2803; x_wconf 80' lang='lat' dir='ltr'><strong>scripsit</strong></span> <span class='ocrx_word' id='word_1_394' title='bbox 1001 2755 1187 2800; x_wconf 44' lang='lat' dir='ltr'><strong>donastist-</strong></span> <span class='ocrx_word' id='word_1_395' title='bbox 1230 2758 1287 2804; x_wconf 75' lang='lat'><strong>10,</strong></span> <span class='ocrx_word' id='word_1_396' title='bbox 1317 2756 1350 2805; x_wconf 88' lang='lat'><strong>1,</strong></span> <span class='ocrx_word' id='word_1_397' title='bbox 1384 2757 1405 2792; x_wconf 77' lang='lat'><strong>4</strong></span> <span class='ocrx_word' id='word_1_398' title='bbox 1434 2757 1516 2792; x_wconf 68' lang='lat' dir='ltr'><strong>uisu</strong></span> <span class='ocrx_word' id='word_1_399' title='bbox 1550 2753 1726 2794; x_wconf 81' lang='lat' dir='ltr'><strong>mutauit</strong></span> <span class='ocrx_word' id='word_1_400' title='bbox 1757 2755 1796 2792; x_wconf 92' lang='lat' dir='ltr'><strong>in</strong></span> <span class='ocrx_word' id='word_1_401' title='bbox 1828 2765 1910 2792; x_wconf 76' lang='lat' dir='ltr'><strong>usu.</strong></span> 
     </span>
     <span class='ocr_line' id='line_1_39' title="bbox 280 2815 1911 2876; baseline 0.005 -23"><span class='ocrx_word' id='word_1_402' title='bbox 280 2815 400 2867; x_wconf 74' lang='lat' dir='ltr'><strong>Quae</strong></span> <span class='ocrx_word' id='word_1_403' title='bbox 435 2820 574 2856; x_wconf 76' lang='lat' dir='ltr'><strong>omnia</strong></span> <span class='ocrx_word' id='word_1_404' title='bbox 607 2833 698 2858; x_wconf 91' lang='lat' dir='ltr'><strong>cum</strong></span> <span class='ocrx_word' id='word_1_405' title='bbox 734 2822 853 2871; x_wconf 86' lang='lat' dir='ltr'><strong>periti</strong></span> <span class='ocrx_word' id='word_1_406' title='bbox 887 2822 1063 2861; x_wconf 77' lang='lat' dir='ltr'><strong>hominis</strong></span> <span class='ocrx_word' id='word_1_407' title='bbox 1096 2825 1186 2871; x_wconf 87' lang='lat' dir='ltr'><strong>sint,</strong></span> <span class='ocrx_word' id='word_1_408' title='bbox 1219 2826 1292 2863; x_wconf 89' lang='lat' dir='ltr'><strong>sed</strong></span> <span class='ocrx_word' id='word_1_409' title='bbox 1326 2825 1382 2863; x_wconf 88' lang='lat' dir='ltr'><strong>ita</strong></span> <span class='ocrx_word' id='word_1_410' title='bbox 1414 2830 1555 2863; x_wconf 90' lang='lat' dir='ltr'><strong>tamen</strong></span> <span class='ocrx_word' id='word_1_411' title='bbox 1589 2830 1834 2876; x_wconf 79' lang='lat' dir='ltr'><strong>conparata,</strong></span> <span class='ocrx_word' id='word_1_412' title='bbox 1867 2829 1911 2862; x_wconf 89' lang='lat' dir='ltr'><strong>ut</strong></span> 
     </span>
    </p>
   </div>
  </div>
 </body>
</html>
