2008 3221
269 127 343 164 144
555 121 655 146 lnAL.
678 121 726 147 Vl.
768 121 820 145 AD
842 113 1029 146 M'ARciAM
1054 121 1104 145 DE
1125 120 1447 147 CONSOLATIONE.
1490 124 1531 149 19,
1552 122 1596 148 ⁶20.

743 168 772 192 'S

261 218 357 257 nihil
399 225 461 257 est
504 225 545 256 et
589 217 728 256 omnia
770 218 809 256 in
852 217 1019 256 nihilum
1063 218 1235 269 redigit,
1277 217 1373 256 nulli
1414 231 1493 257 nos
1532 217 1722 257 fortunae
1754 212 1889 258 tradit.

262 289 373 328 mala
405 289 513 327 enim
546 288 741 340 bonaque
774 289 881 327 circa
913 287 1090 340 aliquam
1125 295 1340 328 uersantur
1372 289 1600 328 materiam.
1644 302 1728 327 non
1750 294 1890 342 potest

261 360 302 398 id
335 359 499 398 fortuna
529 364 694 406 tenere,
727 360 842 411 quod
874 364 1020 398 natura
1052 359 1224 407 dimisit,
1265 373 1340 399 nec
1371 365 1513 412 potest
1545 359 1670 398 miser
1702 373 1792 399 esse
1823 360 1892 411 qui

261 429 392 469 nullus
445 435 517 468 est.
581 429 761 468 excessit
813 428 916 469 filius
969 436 1063 469 tuus
1115 431 1337 478 terminos,
1390 431 1496 469 intra
1547 443 1654 482 quos
1705 430 1889 469 seruitur.
1918 436 1937 466 b·

227 516 240 537 5,
261 501 427 552 excepit
460 499 572 539 illum
606 513 760 552 magna
792 506 832 539 et
865 506 1034 539 aeterna
1067 514 1162 552 pax.
1225 514 1309 539 non
1340 501 1596 554 paupertatis
1629 506 1764 547 metu,
1807 514 1890 540 non

212 866 240 890 10

211 1222 240 1246 15

206 1576 239 1600 20

207 1929 241 1955 25

262 571 494 610 diuitiarum
544 584 662 618 cura,
711 585 795 610 non
844 570 1019 610 libidinis
1062 585 1135 624 per
1179 570 1440 624 uoluptatem
1482 572 1643 611 animos
1685 572 1891 624 carpentis

260 641 433 680 stimulis
465 641 687 688 incessitur,
721 655 806 680 non
838 641 990 681 inuidia
1021 641 1222 681 felicitatis
1254 641 1412 681 alienae
1443 642 1644 694 tangitur,
1676 656 1758 682 non
1792 655 1890 682 suae

260 713 481 765 premitur,
524 726 575 751 ne
615 713 807 752 conuiciis
841 713 1011 765 quidem
1045 712 1134 752 ullis
1167 713 1428 752 uerecundae
1460 726 1579 752 aures
1611 712 1891 753 uerberantur.

260 783 370 822 nulla
400 783 566 835 publica
598 783 738 822 clades
772 784 1033 836 prospicitur,
1066 783 1177 822 nulla
1208 783 1379 835 priuata.
1429 797 1514 823 non
1546 783 1740 823 sollicitus
1772 783 1893 823 futuri

260 855 418 907 pendet
461 867 516 892 ex
550 861 701 893 euentu
733 868 901 906 semper
933 855 1151 894 incertiora
1183 841 1437 907 rependenti.
1502 855 1673 894 tandem
1706 854 1761 894 ibi
1794 868 1891 894 con-

259 926 373 973 stitit,
409 925 520 964 unde
553 924 606 963 nil
640 939 734 964 eum
768 925 906 978 pellat,
940 926 1008 964 ubi
1041 925 1138 964 nihil
1170 932 1337 965 terreat.

380 996 473 1035 XX.
528 995 566 1036 O
600 997 768 1048 ignaros
802 996 1007 1036 malorum
1040 1009 1233 1044 suorum,
1265 996 1414 1049 quibus
1446 1010 1530 1036 non
1563 1010 1676 1036 mors
1709 1004 1754 1036 ut
1785 999 1890 1049 opti·
1924 1001 1933 1033 1

261 1081 376 1107 11111111
419 1068 632 1107 inuentum
676 1074 848 1107 naturae
890 1068 1080 1107 laudatur
1125 1074 1477 1120 expectaturque,
1527 1069 1613 1107 siue
1656 1067 1891 1108 felicitatem

261 1139 452 1186 includit,
485 1140 571 1178 siue
604 1139 885 1178 calamitatem
919 1138 1098 1191 repellit,
1142 1140 1228 1178 siue
1259 1140 1497 1179 satietatem
1530 1152 1578 1178 ac
1609 1138 1893 1178 lassitudinem

261 1210 367 1249 senis
400 1211 606 1257 terminat,
639 1211 725 1249 siue
758 1210 932 1249 iuuenile
954 1213 1117 1250 'aeuom
1151 1211 1249 1249 dum
1286 1209 1458 1249 meliora
1479 1216 1699 1263 sperantur
1731 1211 1769 1249 in
1792 1209 1895 1249 flore

261 1281 426 1329 decutit,
459 1281 545 1320 siue
578 1282 794 1334 pueritiam
828 1287 924 1320 ante
958 1282 1143 1320 duriores
1177 1282 1330 1333 gradus
1360 1287 1541 1329 reuocat,
1575 1281 1770 1320 omnibus
1793 1280 1894 1328 finis,

262 1351 399 1391 multis
433 1353 675 1399 remedium,
708 1353 959 1405 quibusdam
994 1358 1151 1399 uotum,
1186 1353 1239 1392 de
1270 1352 1388 1392 nullis
1421 1351 1566 1391 melius
1599 1352 1745 1391 merita
1767 1366 1893 1405 quam

262 1424 315 1462 de
348 1424 405 1471 iis,
438 1424 491 1463 ad
524 1437 630 1476 quos
662 1424 774 1463 uenit
803 1429 1027 1476 antequam
1051 1424 1322 1463 inuocaretur.
1376 1423 1480 1463 haec
1501 1423 1744 1462 seruitutem
1766 1423 1894 1463 inuito
1921 1428 1940 1458 '3

262 1495 435 1534 domino
477 1495 659 1534 remittit.
724 1494 828 1534 11366
860 1496 1123 1547 captiuorum
1156 1501 1324 1534 catenas
1356 1494 1477 1534 leuat.
1539 1493 1643 1533 11366
1676 1507 1895 1551 66316616

261 1566 398 1605 educit
441 1580 551 1618 quos
590 1567 704 1605 exire
746 1567 965 1619 imperium
1007 1567 1201 1619 inpotens
1235 1572 1435 1606 uetuerat.
1497 1565 1601 1605 haec
1634 1565 1824 1605 exulibus
1856 1566 1894 1605 in

260 1637 436 1688 patriam
499 1651 666 1690 semper
725 1638 909 1676 animum
973 1637 1200 1690 oculosque
1251 1637 1520 1677 tendentibus
1569 1637 1751 1677 ostendit
1799 1636 1896 1676 nihil

260 1709 479 1756 interesse,
520 1708 622 1748 infra
653 1723 760 1761 quos
792 1710 881 1761 quis
914 1710 1057 1749 iaceat.
1120 1709 1234 1756 haec,
1267 1709 1336 1748 ubi
1369 1723 1433 1749 res
1466 1710 1698 1749 communis
1732 1708 1896 1748 fortuna

261 1779 369 1818 male
412 1780 548 1819 diuisit
590 1786 631 1819 et
673 1794 809 1833 aequo
852 1781 936 1819 iure
979 1780 1145 1832 genitos
1188 1779 1311 1819 alium
1354 1780 1416 1819 alii
1451 1781 1642 1828 donauit,
1687 1786 1895 1832 exaequat

261 1851 411 1890 omnia.
476 1850 579 1890 haec
621 1857 705 1899 est,
745 1858 842 1904 post
882 1865 1008 1903 quam
1042 1851 1138 1890 nihil
1171 1852 1388 1903 quisquam
1421 1850 1555 1891 alieno
1588 1850 1682 1891 fecit
1714 1851 1893 1891 arbitrio.

261 1921 365 1961 haec
398 1928 481 1969 est,
520 1922 558 1961 in
591 1936 672 1974 qua
706 1936 832 1961 nemo
866 1922 1141 1961 humilitatem
1175 1935 1293 1962 suam
1324 1922 1461 1962 sensit.
1525 1921 1629 1962 haec
1661 1928 1745 1970 est,
1787 1935 1894 1975 quae

261 1992 357 2032 nulli
399 2007 482 2032 non
524 1994 667 2045 patuit.
730 1993 833 2032 haec
876 1999 961 2041 est,
1006 1993 1183 2041 Marcia,
1225 2007 1351 2046 quam
1391 1999 1510 2045 pater
1548 2000 1643 2033 tuus
1676 1994 1893 2046 concupiit.

261 2063 365 2102 haec
397 2070 476 2114 est,
510 2057 706 2116 inquam,
728 2078 835 2117 quac
869 2063 1012 2111 efficit,
1056 2071 1100 2104 ut
1133 2065 1243 2104 nasci
1275 2078 1360 2103 non
1393 2065 1444 2103 sit
1476 2064 1742 2117 supplicium,
1786 2078 1893 2117 quac

262 2133 396 2183 efficit,
430 2141 473 2174 ut
506 2148 590 2174 non
620 2136 838 2175 concidam
863 2136 1062 2175 aduersus
1087 2138 1218 2175 minas
1241 2149 1423 2183 casuum,
1457 2142 1504 2175 ut
1523 2149 1688 2175 seruare
1710 2136 1893 2175 animum

1024 2356 1039 2371 :1

267 2382 276 2414 l
308 2382 408 2412 nichil
548 2383 737 2414 innichilum
876 2386 895 2417 '3
931 2384 1071 2425 aliquem
1211 2386 1230 2413 ti
1265 2394 1320 2414 car
1355 2382 1512 2423 (addidit
1540 2394 1583 2415 m.
1611 2393 1682 2416 rec.
1710 2384 1762 2423 rit)
1790 2383 1893 2424 pcntis

372 2445 392 2467 N
421 2442 574 2481 premitur
688 2445 707 2473 tl
736 2443 846 2474 clades
873 2441 1090 2476 deteriores:
1121 2443 1222 2473 cladis
1336 2443 1490 2474 sollicitus
1517 2441 1732 2475 deleriorav:
1761 2442 1892 2473 solliciti

381 2500 417 2531 lt)
449 2512 485 2531 ex
512 2505 624 2531 euentu
654 2499 728 2534 E2:
766 2506 796 2532 et
822 2514 859 2532 ex
886 2505 998 2533 euentu
1135 2513 1263 2543 semper
1297 2502 1467 2532 incertiora
1502 2502 1689 2541 rependenti
1727 2492 1889 2544 Le'pse’ics:

262 2570 388 2600 semper
417 2560 444 2589 111
473 2560 611 2590 certiora
647 2561 839 2601 dependenti
984 2561 1019 2592 ts»
1047 2572 1141 2591 enom
1280 2560 1314 2593 16
1342 2560 1459 2591 decutit
1489 2558 1607 2593 Koch:
1637 2560 1766 2590 deducit

263 2642 399 2671 duriori<
530 2642 564 2673 1⁴*
592 2618 637 2672 his·
665 2649 694 2673 at
724 2647 747 2675 (t
775 2652 869 2676 corr.
898 2643 933 2675 in
961 2644 996 2676 ‹l›
1117 2644 1161 2675 ‘341
1188 2643 1294 2673 educit
1307 2654 1326 2673 -·4·;-
1450 2643 1478 2673 111
1506 2643 1644 2683 patriam
1672 2641 1889 2675 dclel'e'OFeS:

263 2701 293 2730 in
321 2701 422 2741 patria
563 2701 600 2733 ’,31
634 2699 808 2733 tendentib'
841 2699 883 2744 (b'
913 2700 1089 2736 additum)
1225 2701 1387 2732 obstemlit
1514 2702 1612 2732 nichil
1743 2702 1785 2734 22
1813 2712 1892 2741 quos

264 2757 337 2798 Εὖ,
372 2760 448 2801 quid
478 2758 647 2803 Siesblle:
684 2762 772 2804 quod
911 2760 953 2794 23
990 2766 1124 2802 exequat
1258 2759 1303 2793 ‘24
1337 2761 1416 2791 nihil
1443 2761 1610 2801 quisquam
1646 2759 1764 2794 nescio
1791 2758 1888 2803 quis:

893 2828 898 2843 l
968 2840 970 2843 .
1851 2824 1866 2840 U

263 2853 361 2885 nichil
388 2855 560 2896 quicquam
692 2856 734 2889 2¹⁴5
763 2856 914 2898 concupit
1045 2855 1086 2888 Ἠ
1116 2838 1216 2903 111131ῖᾷ
1243 2858 1363 2897 (corr.,
1386 2853 1458 2899 fus!
1487 2855 1599 2897 inquii)
1709 2855 1754 2887 “2³¹
1780 2863 1889 2886 casum
