1977 3231
42 1762 61 1794 ω

644 574 682 617 L,
725 575 911 617 ANNAEI
945 575 1162 618 SENECAE

417 673 999 736 DIALOGORVM
1046 674 1304 736 LIBER
1350 676 1393 737 Ι.

743 814 806 845 AD
833 814 1062 846 LVCILIVM

175 910 359 957 QVARE
392 909 594 957 ALIQVA
627 910 964 947 INCOMMODA
997 910 1153 948 BONIS
1187 911 1324 948 VIRIS
1359 912 1636 949 ACCIDANT

584 981 699 1017 CVM
733 980 1102 1018 PROVIDENTIA
1136 982 1229 1019 SIT.

867 1082 945 1103 SIVE

721 1153 773 1187 DE
801 1153 1095 1189 PROVIDENTIA.

209 1332 236 1371 I.
305 1308 514 1372 Quaesisti
556 1346 579 1371 a
612 1346 696 1381 me,
740 1333 890 1381 Lucili,
931 1333 1029 1386 quid
1063 1334 1139 1381 ita,
1177 1335 1209 1373 si
1241 1335 1502 1387 prouidentia
1535 1338 1713 1376 mundus

91 1408 323 1455 regeretur,
377 1402 508 1445 multa
556 1403 676 1442 bonis
719 1404 811 1443 uiris
855 1404 964 1443 mala
1006 1405 1252 1446 acciderent.
1326 1406 1406 1445 hoc
1448 1408 1713 1448 commodius

90 1475 128 1512 in
177 1479 378 1513 contextu
400 1480 415 1495 *
437 1475 572 1526 operis
622 1475 885 1522 redderetur,
940 1489 1033 1514 cum
1088 1489 1280 1527 praeesse
1325 1478 1522 1517 uniuersis
1575 1481 1710 1531 proui-

90 1545 272 1584 dentiam
305 1545 579 1597 probaremus
612 1551 652 1584 et
674 1546 870 1584 interesse
903 1546 1023 1585 nobis
1047 1547 1182 1586 deum.
1236 1549 1309 1586 sed
1339 1549 1533 1599 quoniam
1567 1563 1591 1588 a
1619 1556 1712 1590 toto

89 1615 331 1667 particulam
375 1614 514 1654 reuelli
559 1615 695 1667 placet
737 1623 778 1655 et
821 1629 946 1655 unam
989 1618 1361 1657 contradictionem
1406 1627 1601 1659 manente
1644 1620 1712 1660 lite
1750 1637 1764 1658 .·,

89 1685 250 1736 integra
281 1685 454 1733 soluere,
498 1685 643 1725 faciam
677 1700 764 1726 rem
799 1701 882 1726 non
916 1687 1132 1736 difficilem,
1167 1702 1333 1728 causam
1368 1691 1543 1729 deorum
1577 1704 1711 1743 agam.

89 1768 391 1807 superuacuum
425 1762 487 1795 est
520 1757 560 1795 in
593 1758 826 1808 praesentia
869 1759 1092 1797 ostendere
1124 1772 1207 1797 non
1245 1759 1331 1799 sine
1369 1760 1508 1812 aliquo
1538 1763 1712 1802 custode

88 1831 251 1865 tantum
294 1840 400 1878 opus
442 1833 551 1866 stare
582 1841 659 1866 nec
702 1827 810 1867 hunc
851 1829 1032 1868 siderum
1076 1835 1243 1869 coetum
1285 1830 1599 1884 discursumque
1630 1832 1710 1872 for-

87 1897 176 1935 tuiti
218 1896 381 1949 inpetus
422 1911 530 1945 esse,
586 1905 626 1938 et
668 1912 773 1948 quae
816 1913 934 1938 casus
983 1900 1124 1939 incitat
1165 1914 1291 1953 saepe
1332 1902 1487 1941 turbari
1540 1910 1581 1943 et
1629 1904 1711 1943 cito

87 1968 281 2015 arietare,
334 1967 441 2008 hanc
483 1969 729 2009 inoffensarn
772 1969 1034 2010 uelocitatem
1084 1972 1314 2022 procedere
1366 1979 1558 2013 aeternae
1609 1974 1710 2027 legis

86 2038 258 2090 imperio
300 2044 460 2078 tantum
505 2053 640 2079 rerum
684 2047 793 2080 terra
834 2041 1019 2093 marique
1052 2047 1300 2093 gestantem,
1339 2049 1501 2083 tantum
1541 2044 1708 2084 clarissi-

87 2122 251 2148 morum
294 2108 494 2149 luminum
540 2116 581 2149 et
614 2125 668 2150 ex
701 2111 903 2163 disposito
937 2111 1203 2152 relucentium
1223 2130 1230 2160 3
1268 2127 1351 2153 non
1391 2127 1481 2154 esse
1514 2117 1711 2156 materiae

86 2180 256 2218 errantis
308 2179 417 2219 hunc
468 2182 657 2220 ordinem
717 2195 793 2221 nec
819 2208 822 2215 s
844 2195 950 2233 quae
1002 2188 1161 2222 temere
1213 2184 1397 2223 coierunt
1459 2191 1574 2225 tanta
1622 2193 1710 2226 arte

86 2250 269 2301 pendere
317 2257 361 2290 ut
413 2258 614 2290 terrarum
664 2253 953 2303 grauissimum
1007 2254 1172 2305 pondus
1220 2255 1364 2294 sedeat
1406 2255 1612 2295 inmotum
1668 2264 1709 2296 et

87 2320 193 2359 circa
234 2334 278 2359 se
310 2322 569 2374 properantis
602 2321 701 2361 caeli
734 2322 875 2374 fugam
919 2329 1091 2375 spectet,
1132 2331 1174 2363 ut
1206 2323 1336 2364 infusa
1375 2325 1548 2365 uallibus
1580 2329 1708 2367 maria
1749 2342 1761 2363 ἰ

85 2390 272 2431 molliant
313 2398 443 2430 terras
485 2405 561 2431 nec
605 2392 730 2431 ullum
775 2393 1074 2432 incrementum
1108 2393 1322 2434 fluminum
1355 2397 1543 2444 sentiant,
1578 2406 1620 2438 ut
1654 2412 1706 2436 ex

38 2469 56 2498 5¹
87 2461 263 2501 minimis
295 2462 520 2502 seminibus
543 2468 762 2502 nascantur
784 2463 976 2514 ingentia.
1030 2477 1081 2503 ne
1112 2463 1176 2504 illa
1199 2465 1367 2517 quidem
1391 2481 1495 2519 quae
1518 2468 1708 2507 uidentur

210 2637 216 2668 l
248 2638 387 2677 Quesisti
485 2640 504 2671 ζ)
532 2644 692 2679 regeretur
720 2637 790 2671 15²:
821 2644 968 2680 ageretur
994 2639 1103 2682 (consi
1134 2638 1265 2673 illinuc.
1288 2641 1359 2674 Fc'l.
1379 2645 1420 2688 f),
1454 2644 1490 2675 12
1518 2643 1543 2673 si
1570 2644 1706 2674 muudus

84 2695 192 2725 diuina
212 2696 414 2736 prouidentia
432 2702 610 2738 regeretur3
642 2699 695 2736 20,
716 2699 734 2729 2
753 2699 778 2728 si
798 2698 1001 2739 prouidentia
1027 2699 1162 2729 mundus
1180 2700 1316 2740 regim-3
1348 2699 1552 2741 Qecl’nle'lc'au.
1570 2704 1600 2741 7,
1620 2704 1650 2739 2,
1673 2703 1704 2737 2)

200 2755 383 2786 acciderent
411 2753 482 2787 E':
512 2756 660 2786 accidere
778 2756 788 2788 ἶ
821 2758 1012 2797 inpresentia
1124 2763 1144 2785 Ν
1173 2762 1277 2798 cetum
1398 2762 1417 2790 ’.ὶ
1446 2761 1581 2801 impetus

91 2811 127 2843 w
154 2818 259 2857 eterne
287 2813 384 2853 (ante
409 2813 531 2860 eras.)
642 2814 677 2846 l'l
709 2826 744 2845 ex
766 2816 923 2855 disposito
951 2815 1157 2846 relucentium
1179 2815 1425 2861 Bonqarsius:
1450 2830 1486 2850 ex
1514 2820 1706 2860 dispositore

85 2869 254 2901 lucentium
378 2870 409 2903 li
439 2872 607 2902 immotum

1399 2937 1413 2969 l

1733 1987 1763 2013 Η)
