2008 3221
250 153 294 191 Ις
615 145 707 170 DIAL
734 144 772 170 11.
799 143 852 168 AD
881 139 1069 167 SERENVM
1097 138 1175 164 NEC
1202 137 1389 163 INIVRIAM
1417 136 1495 162 NEC
1515 145 1533 170 ⁸

241 246 438 285 comitem
482 257 526 282 se
568 243 636 280 diu
669 245 926 279 sustentatae
968 237 1108 276 ruinae
1151 234 1267 273 dedit
1306 233 1511 285 simulque
1551 232 1736 271 extincta
1773 236 1868 270 sunt

241 330 347 368 quae
388 313 502 353 nefas
545 317 632 350 erat
676 310 812 349 diuidi.
875 320 1010 359 neque
1052 305 1161 345 enim
1197 303 1303 343 Cato
1345 310 1442 356 post
1485 303 1721 343 libertatem
1765 302 1868 341 uixit

242 401 316 425 1166
348 386 516 424 libertas
548 388 646 434 post
681 380 898 420 Catonem.
972 377 1066 416 huic
1108 382 1151 415 tu
1189 381 1316 427 putas
1348 374 1532 413 iniuriam
1565 372 1651 412 fieri
1682 372 1868 424 potuisse

242 471 264 496 a
306 455 487 508 populo,
530 453 645 504 quod
689 457 760 489 aut
802 456 1039 502 praeturam
1085 446 1138 486 illi
1183 446 1366 485 detraxit
1415 450 1485 484 aut
1527 445 1701 496 togam?
1755 441 1868 494 quod

207 543 220 563 ε»
243 539 404 566 sacrum
448 525 544 563 illud
578 529 712 578 'caput
754 520 1041 573 purgamentis
1073 519 1154 557 oris
1194 517 1425 569 adspersit?
1468 521 1581 554 tutus
1615 520 1677 553 est
1708 514 1870 566 sapiens

196 894 224 917 lt)

197 1600 228 1623 20

204 2304 236 2326 1211

244 611 319 636 1166
352 597 431 635 ulla
464 594 585 634 adfici
619 600 689 632 aut
723 592 862 631 iniuria
894 597 963 630 aut
997 587 1250 629 contumelia
1281 593 1432 639 potest.

360 668 425 706 III.
471 665 630 704 Videor
673 663 771 702 mihi
814 662 959 701 intueri
1001 661 1184 700 animum
1230 665 1348 698 tuum
1401 658 1614 696 incensum
1667 661 1708 694 et
1752 655 1868 701 effer-

245 745 494 779 uescentem.
547 748 667 788 paras
701 734 960 772 adclamare:
1017 731 1120 770 haee
1164 735 1257 768 sunt
1290 741 1396 780 quae
1429 727 1721 766 auctoritatem
1754 739 1870 778 prae-

244 810 373 862 ceptis
417 808 562 847 uestris
617 805 848 845 detrahant.
912 815 1067 854 magna
1119 800 1359 853 promittitis
1413 805 1453 838 et
1495 811 1603 850 quae
1646 810 1697 835 ne
1739 802 1861 848 optat·

246 882 436 933 quidem,
480 879 633 917 nedum
678 877 789 915 credi
831 874 1003 927 possint.
1067 872 1219 911 deinde
1263 869 1446 921 ingentia
1487 869 1613 908 locuti
1647 881 1741 906 cum
1773 880 1872 919 pau-

245 965 386 1005 perem
422 949 604 1001 negastis
637 961 727 986 esse
761 947 1014 998 sapientem,
1057 956 1140 982 non
1184 942 1345 993 negatis
1384 939 1517 979 solere
1550 939 1602 978 illi
1635 944 1676 978 et
1708 950 1873 977 seruum
1927 931 1933 936 ⁸

247 1030 287 1062 et
320 1028 475 1062 tectum
510 1026 550 1059 et
584 1020 721 1058 cibum
756 1018 916 1056 deesse.
965 1028 1059 1054 eum
1093 1014 1323 1065 sapientem
1356 1011 1539 1063 negastis
1572 1009 1758 1056 insanire,
1790 1021 1875 1046 non

247 1093 408 1145 negatis
441 1098 482 1131 et
515 1090 680 1130 alienari
725 1095 764 1127 et
807 1101 953 1140 parum
988 1099 1088 1125 sana
1127 1084 1256 1123 uerba
1288 1083 1477 1122 emittere
1510 1087 1552 1120 et
1584 1079 1784 1132 quidquid
1816 1078 1876 1116 uis

249 1164 385 1204 morbi
419 1163 531 1214 cogit
564 1162 730 1200 audere.
793 1172 888 1198 cum
921 1157 1152 1210 sapientem
1187 1155 1367 1206 negastis
1401 1165 1567 1191 seruum
1602 1164 1709 1197 esse,
1752 1149 1875 1188 iidem

213 1248 329 1274 511011
364 1235 426 1273 itis
460 1232 606 1272 infitias
639 1238 680 1271 et
712 1231 945 1270 ueniturum
980 1234 1021 1267 et
1053 1228 1256 1279 imperata
1284 1225 1487 1264 facturum
1521 1229 1562 1262 et
1595 1221 1768 1261 domino
1801 1233 1876 1259 suo

248 1305 406 1345 seruilia
458 1309 764 1356 praestaturum
819 1300 1051 1340 ministeria.
1124 1299 1179 1337 ita
1227 1296 1392 1336 sublato
1446 1294 1527 1333 alte
1570 1291 1786 1344 supercilio
1838 1291 1877 1329 in

248 1379 396 1416 eadem
430 1388 536 1427 quae
570 1374 694 1413 ceteri
729 1371 979 1411 descenditis
1012 1369 1183 1408 mutatis
1222 1380 1357 1407 rerum
1391 1364 1637 1404 nominibus.
1690 1361 1772 1401 tale
1804 1362 1875 1400 ita-

248 1462 328 1500 que
361 1447 511 1498 aliquid
545 1451 586 1484 et
619 1445 658 1483 in
691 1444 773 1483 hoc
806 1455 896 1482 esse
928 1441 1126 1493 suspicor,
1170 1438 1287 1491 quod
1326 1437 1459 1489 prima
1491 1434 1628 1487 specie
1659 1431 1878 1485 pulchrum

249 1526 373 1570 atque
406 1516 673 1569 magnifieum
708 1520 791 1562 est,
834 1527 910 1552 nee
942 1512 1129 1551 iniuriam
1172 1522 1248 1548 nec
1281 1505 1578 1546 contumeliam
1611 1509 1880 1555 accepturum

251 1603 340 1628 esse
374 1589 617 1641 sapientem.
681 1585 857 1624 multum
898 1589 1038 1623 autem
1072 1582 1265 1627 interest,
1307 1585 1444 1618 utrum
1489 1576 1720 1629 sapientem
1760 1579 1882 1613 extra

250 1660 578 1712 indignationem
612 1671 663 1696 an
697 1662 818 1696 extra
850 1654 1035 1694 iniuriam
1069 1664 1214 1704 ponas.
1274 1662 1371 1688 nam
1404 1649 1436 1687 si
1468 1647 1567 1686 dicis
1599 1645 1712 1685 illum
1745 1657 1880 1696 aequo

251 1732 389 1769 animo
422 1730 612 1776 laturum,
646 1727 802 1766 nullum
837 1725 967 1765 habet
998 1722 1270 1776 priuilegium.
1314 1719 1487 1771 contigit
1519 1717 1571 1756 illi
1603 1730 1667 1755 res
1700 1714 1880 1767 uolgaris

252 1808 291 1840 et
324 1815 429 1853 quae
473 1800 642 1839 discitur
684 1799 771 1850 ipsa
815 1796 1050 1836 iniuriarum
1095 1792 1364 1838 adsiduitate,
1407 1788 1615 1842 patientia.
1679 1787 1710 1825 si
1752 1798 1882 1837 negas

253 1878 521 1923 accepturum
568 1870 775 1917 iniuriam,
827 1869 867 1906 id
921 1873 983 1905 est
1037 1864 1246 1904 neminem
1295 1861 1347 1900 illi
1389 1864 1693 1912 temptaturum
1735 1855 1882 1904 facere,

253 2013 495 2064 imaginario
537 2012 698 2051 honore
733 2010 957 2049 uerborum
991 2018 1198 2047 exornare
1231 2002 1445 2050 constitui,
1488 2001 1562 2040 sed
1595 2014 1646 2039 eo
1681 1999 1774 2038 1060
1807 2011 1881 2050 po-

254 2098 370 2130 nere,
414 2098 498 2134 quo
543 2082 652 2121 nulla
695 2081 958 2134 permittatur
999 2078 1152 2118 iniuria.
1214 2075 1313 2127 quid
1357 2074 1486 2125 ergo?
1529 2083 1654 2110 nemo
1699 2070 1773 2108 erit
1815 2067 1884 2120 qui

253 2154 449 2201 lacessat,
502 2154 569 2205 qui
614 2154 819 2205 temptet?
879 2149 977 2189 nihil
1019 2149 1057 2187 in
1103 2160 1239 2186 rerum
1285 2151 1432 2184 natura
1472 2148 1559 2181 tam
1603 2153 1767 2180 sacrum
1809 2144 1884 2186 est,

255 2225 370 2276 quod
403 2225 647 2275 sacrilegum
672 2237 754 2265 non
779 2222 969 2268 inueniat,
1003 2220 1077 2258 sed
1100 2232 1185 2257 non
1215 2218 1310 2256 ideo
1335 2215 1472 2254 diuina
1495 2213 1628 2252 minus
1660 2212 1699 2250 in
1722 2209 1885 2249 sublimi

258 2301 363 2340 sunt,
398 2295 428 2333 si
462 2295 645 2333 existunt
679 2294 747 2346 qui
781 2291 1112 2344 magnitudinem
1144 2287 1336 2327 multum.
1365 2285 1470 2325 ultra
1511 2297 1555 2323 se
1588 2283 1767 2335 positam
1800 2292 1885 2319 non

257 2366 404 2404 tacturi
448 2366 659 2417 adpetant.
733 2361 1030 2402 inuolnerabile
1073 2366 1135 2399 est
1178 2372 1261 2397 non
1304 2357 1419 2408 quod
1463 2368 1546 2393 non
1599 2353 1758 2399 feritur,
1811 2351 1886 2389 sed

257 2437 371 2487 quod
424 2449 507 2474 11011
565 2435 750 2475 laeditur.
833 2448 887 2473 ex
945 2433 1023 2471 hac
1080 2430 1153 2469 tibi
1213 2434 1313 2467 nota
1374 2427 1606 2479 sapientem
1660 2421 1884 2462 exhibebo.

307 2554 337 2586 ,1,
363 2553 451 2593 ..dita

260 2604 277 2632 μ’
307 2601 456 2631 libertati·
485 2597 759 2643 ‹.s·npra.s·c.·ripsit
784 2608 828 2632 m.
857 2596 943 2638 rec.)
1067 2595 1085 2625 s>
1113 2594 1227 2636 spei-sit
1256 2592 1289 2633 (a
1315 2594 1398 2624 (nece
1423 2601 1437 2619 s
1463 2587 1605 2622 addidit
1631 2587 1730 2621 initio
1756 2595 1888 2620 uersus

259 2670 301 2691 m.
322 2657 397 2691 all.)
520 2660 539 2687 11
567 2659 652 2689 :isl'iei
780 2657 791 2690 ἶ
822 2657 920 2687 miehi
1043 2658 1063 2682 n*
1091 2665 1129 2685 ac
1156 2653 1299 2684 clamare
1412 2649 1446 2681 1⁴3
1474 2659 1500 2679 ÷
1519 2652 1549 2678 et
1568 2651 1684 2678 tectum
1705 2646 1754 2689 (in
1773 2655 1886 2689 marq.

1777 2705 1804 2718 ln

259 2753 302 2772 m.
328 2750 398 2773 rec.
426 2740 484 2772 ÷l,
512 2740 643 2771 uestiti—1)
786 2740 819 2783 13‘3
847 2738 999 2780 quicquid
1106 2736 1138 2768 11
1170 2735 1286 2766 audere
1321 2735 1417 2772 (ame
1442 2742 1461 2762 a
1488 2731 1577 2771 ras.)
1703 2728 1742 2761 123
1770 2728 1889 2759 infitias

379 2803 421 2832 '33’
450 2799 589 2839 uulgari<
699 2800 741 2829 ’3ξὶ
770 2798 956 2828 assiduitate
1069 2795 1113 2828 225¹
1139 2794 1287 2840 lacessiat
1401 2790 1499 2821 nichil
1613 2788 1657 2822 130
1683 2798 1748 2818 11011
1776 2786 1888 2818 tacturi

263 2869 461 2902 Rubenius:
490 2869 634 2900 fissaclnri
766 2868 803 2899 311
838 2871 987 2908 appetant
1114 2863 1345 2896 inuulnerahile

1905 1371 1924 1404 10

221 1953 232 1975 ·›
255 1941 448 1981 omnibus
491 1941 640 1980 relictis
683 1939 860 1991 negotiis
903 1937 1069 1977 Stoicus
1111 1934 1178 1976 fio.
1251 1946 1333 1985 ego
1379 1944 1479 1971 uero
1522 1930 1753 1982 sapientem
1797 1939 1880 1966 non
1907 1936 1927 1970 3
