2008 3221
275 183 361 224 222
561 179 663 206 DIAL.
683 178 721 205 X.
759 179 815 205 AD
837 179 1040 205 PAVLINVM
1062 179 1114 205 DE
1134 180 1358 208 BREVITATE
1377 179 1506 206 vtTAE.
1549 182 1570 207 1.
1591 179 1619 208 ⁸2.

276 280 307 319 si
339 279 456 318 bono
490 278 654 318 custodi
685 277 866 317 traditae
897 284 1007 325 sunt,
1039 290 1113 316 usu
1146 283 1363 318 crescunt:
1399 280 1458 318 ita
1490 283 1606 318 aetas
1628 283 1771 317 nostra
1792 277 1901 317 bene

277 349 513 401 disponenti
546 348 722 388 multum
754 353 882 400 patet.

394 419 441 458 ΙΙ.
506 418 619 471 Quid
662 419 716 457 de
747 431 883 457 rerum
916 423 1062 456 natura
1094 420 1330 470 querimur?
1374 418 1442 458 illa
1474 432 1518 457 se
1549 418 1731 470 benigne
1763 418 1900 470 gessit.
1928 425 1945 457 1

277 491 370 536 uita,
404 489 435 528 si
470 491 526 528 uti
559 491 672 536 sciaS,
705 488 833 539 longa
866 494 940 527 est.
984 487 1107 526 alium
1140 488 1382 528 insatiabilis
1413 494 1530 529 tenet
1562 490 1743 537 auaritia,
1776 488 1901 528 aliurn

278 562 316 599 in
349 562 613 612 superuacuis
646 558 860 598 laboribus
893 571 1073 611 operosa
1105 558 1316 599 sedulitas
1359 559 1460 599 alius
1483 561 1579 599 uino
1604 560 1758 599 madet.
1800 559 1902 599 alius

276 631 420 670 inertia
452 636 603 682 torpet.
663 629 786 668 alium
820 629 1024 680 defatigat
1057 642 1112 668 ex
1145 629 1286 669 alienis
1318 630 1474 669 iudiciis
1505 643 1706 682 suspensa
1737 643 1904 682 semper

277 701 461 741 ambitio.
524 700 648 740 alium
693 700 906 740 mercandi
947 713 1149 752 praeceps
1190 701 1394 752 cupiditas
1437 702 1544 740 circa
1585 700 1720 740 omnis
1760 706 1902 747 terras,

277 772 417 811 omnia
460 772 588 811 maria
631 784 705 823 spe
747 771 846 810 lucri
890 771 1014 821 ducit.
1074 771 1284 823 quosdam
1327 777 1495 824 torquet
1539 771 1692 823 cupido
1735 770 1903 810 militiae

277 855 505 894 numquam
539 855 624 881 non
656 848 725 880 aut
757 840 899 880 alienis
930 840 1120 893 periculis
1153 843 1337 881 intentos
1369 847 1440 881 aut
1471 843 1553 881 suis
1585 843 1743 881 anxios.
1808 846 1903 880 sunt

229 924 256 947 ¹0
277 926 382 965 quos
429 914 614 964 ingratus
662 912 921 964 superiorum
970 910 1102 950 cultus
1151 910 1384 951 uoluntaria
1431 914 1630 952 seruitute
1671 916 1902 951 consumat.

278 982 433 1023 multos
477 989 547 1021 aut
586 981 812 1021 adfectatio
846 981 1004 1036 alienae
1047 981 1236 1021 fortunae
1268 988 1340 1022 aut
1372 996 1470 1021 suae
1501 981 1685 1034 querella
1717 981 1903 1020 detinuit.
1929 986 1949 1019 ‘2

277 1052 499 1106 plerosque
542 1052 639 1092 nihil
682 1058 840 1091 certum
884 1053 1097 1104 sequentis
1141 1066 1249 1104 uaga
1291 1059 1332 1092 et
1365 1053 1603 1092 inconstans
1637 1059 1679 1092 et
1711 1051 1788 1091 sibi
1822 1051 1901 1091 dis-

277 1124 434 1177 plicens
475 1123 622 1163 leuitas
667 1137 740 1175 per
783 1136 894 1162 noua
926 1122 1096 1162 consilia
1127 1125 1307 1162 iactauit.
1370 1123 1623 1175 quibusdam
1656 1121 1777 1170 nihil,
1819 1135 1904 1174 quo

279 1209 443 1234 cursum
477 1195 679 1247 dirigant,
726 1193 887 1245 placet,
919 1195 993 1233 sed
1028 1195 1250 1233 marcentis
1283 1194 1581 1246 oscitantisque
1613 1193 1696 1232 sata
1728 1193 1902 1245 depren-

229 1278 257 1301 13
278 1266 392 1313 dunt,
425 1266 533 1304 adeo
566 1271 609 1304 ut
642 1265 757 1317 quod
790 1265 903 1316 apud
926 1265 1159 1303 maximum
1183 1271 1404 1316 poetarum
1429 1278 1547 1303 more
1569 1263 1721 1303 oraculi
1745 1264 1903 1302 dictum

278 1342 351 1384 est,
386 1350 530 1375 uerum
564 1349 656 1374 esse
688 1349 771 1374 non
806 1335 1020 1374 dubitem:

631 1409 766 1452 (ardena
791 1413 888 1456 pars
920 1412 973 1444 esl
1002 1408 1102 1443 m'tae
1133 1420 1247 1454 quam
1281 1419 1347 1443 llas
1379 1407 1550 1443 m'lll'mlls.

278 1485 462 1517 ceterum
495 1476 663 1535 quidem
698 1489 825 1515 omne
847 1477 1026 1528 spatium
1050 1490 1134 1514 non
1158 1476 1253 1523 uita,
1286 1476 1361 1514 sed
1384 1482 1552 1528 tempus
1575 1482 1650 1516 est.
1693 1484 1842 1528 urgent
1864 1483 1905 1515 et
1933 1480 1952 1512 23

278 1551 549 1589 circumstant
602 1548 699 1586 uitia
750 1547 933 1599 undique
975 1560 1052 1586 nec
1094 1560 1310 1600 resurgere
1352 1553 1423 1587 aut
1465 1548 1504 1586 in
1547 1548 1782 1599 dispectum
1824 1546 1907 1586 ueri

225 1631 257 1655 ’Μ’
279 1619 483 1660 adtollere
522 1619 666 1658 oculos
709 1620 868 1666 sinunt,
911 1619 986 1657 sed
1032 1619 1249 1657 demersos
1292 1624 1334 1658 et
1376 1619 1416 1657 in
1449 1619 1724 1670 cupiditatem
1756 1617 1908 1658 infixos

278 1698 484 1744 premunt.
549 1703 778 1742 numquam
822 1689 898 1728 illis
932 1703 1142 1728 recurrere
1174 1690 1227 1728 ad
1260 1703 1305 1729 se
1337 1689 1444 1728 licet.
1507 1691 1538 1729 si
1570 1690 1740 1742 quando
1773 1688 1909 1741 aliqua

278 1762 449 1802 fortuito
482 1761 597 1816 quies
629 1761 814 1812 contigit,
847 1759 960 1799 uelut
992 1759 1246 1813 profundum
1280 1774 1406 1808 mare,
1439 1762 1478 1800 in
1511 1774 1595 1812 quo
1617 1766 1716 1813 post
1738 1766 1907 1799 uentum

279 1847 448 1886 quoque
480 1832 683 1871 uolutatio
717 1837 791 1879 est,
825 1830 1074 1870 fluctuantur
1107 1845 1184 1871 nec
1217 1845 1415 1884 umquam
1449 1830 1525 1870 illis
1558 1845 1582 1870 a
1614 1831 1909 1884 cupiditatibus

279 1906 362 1943 suis
395 1904 525 1943 otium
559 1909 652 1942 stat.
716 1903 769 1941 de
811 1902 897 1941 istis
930 1916 998 1941 me
1030 1908 1152 1954 putas
1185 1903 1398 1950 disserere,
1431 1915 1609 1954 quorum
1643 1902 1681 1941 in
1715 1900 1908 1942 confesso
1935 1903 1953 1937 4

226 1984 259 2007 25»
281 1975 389 2014 mala
421 1976 542 2013 sunt?
576 1973 745 2025 adspice
778 1971 880 2020 illos,
914 1973 966 2011 ad
1001 1986 1179 2024 quorum
1212 1972 1449 2012 felicitatem
1475 1972 1752 2012 concurritur:
1789 1968 1910 2012 bonis

281 2046 361 2084 suis
405 2044 648 2083 offocantur.
718 2057 844 2095 quam
890 2043 1028 2083 multis
1072 2044 1239 2084 diuitiae
1281 2057 1431 2096 graues
1474 2046 1594 2083 sunt?
1638 2056 1763 2096 quam
1807 2042 1908 2083 mul-

405 2162 414 2194 l
447 2163 514 2193 uisu
543 2161 590 2203 (2⁸71
618 2171 729 2205 marq,
759 2171 802 2196 m.
830 2162 849 2192 4
877 2171 905 2193 e.
933 2161 1002 2199 usu]
1123 2159 1144 2192 4
1171 2161 1228 2192 sed
1253 2162 1351 2192 alium
1381 2159 1488 2195 Gertz
1513 2159 1590 2194 Sine
1615 2158 1746 2194 idonea
1772 2159 1912 2194 ratione

401 2221 420 2255 9
455 2223 585 2262 nunquit
729 2220 763 2253 l‘l
802 2220 966 2251 affectatio
1103 2220 1250 2252 fortunae
1276 2218 1493 2254 deteriores:
1523 2220 1627 2260 forme
1769 2219 1911 2261 querella

1501 2297 1548 2309 Μ
1721 2275 1739 2301 d
1866 2284 1883 2300 n

281 2314 453 2359 Madm'q:
483 2326 546 2356 qua
669 2314 711 2347 ¹1⁴2
746 2314 923 2355 plerosq;÷÷
1045 2314 1235 2355 sequentis-x-
1369 2312 1412 2346 14
1445 2323 1569 2344 cursum
1689 2317 1737 2344 set
1762 2313 1912 2344 marcetis

429 2374 467 2406 15
503 2377 578 2414 aput
610 2376 636 2412 (t
663 2373 773 2414 corr.)
952 2371 993 2405 17
1029 2373 1124 2403 11111111-
1155 2372 1289 2417 (parua
1314 2370 1401 2415 ras.)
1553 2382 1650 2413 quam
1685 2382 1744 2403 nos
1777 2372 1912 2403 uiuimus

283 2431 480 2466 Pincianus
506 2436 537 2465 el
567 2430 636 2464 Εἰς
666 2443 729 2473 qua
755 2432 890 2462 uiuimus
1040 2430 1077 2463 18
1111 2435 1224 2472 urgent
1251 2435 1281 2462 et
1308 2428 1479 2475 llladne'q:
1508 2434 1656 2471 urgentes
1809 2430 1844 2462 1¹.)
1880 2430 1910 2460 in

283 2493 461 2533 dispectum
489 2490 572 2524 olim
599 2501 712 2524 comt:
743 2491 933 2531 indespectfi
1071 2489 1115 2522 20
1150 2490 1295 2520 attollere
1431 2490 1486 2520 sed
1513 2490 1677 2520 demersos
1706 2486 1910 2528 Pincianus,

282 2549 345 2595 qui
368 2549 516 2593 sct'ipsil
543 2552 657 2582 lamen
686 2560 808 2580 mersos
836 2549 1014 2590 (demersos
1040 2546 1228 2592 Madm'qfi
1259 2552 1288 2579 et
1314 2559 1456 2579 emersos
1592 2547 1635 2580 ‘2¹2
1671 2548 1753 2578 uelut
1781 2547 1910 2589 profun-

283 2610 358 2640 dum
387 2620 476 2639 mare
505 2606 633 2641 Gerlz:
663 2608 746 2638 uelut
773 2608 935 2649 profundo
962 2608 1044 2638 mari
1203 2605 1246 2639 ‘215
1282 2608 1471 2638 fluctuantur
1498 2604 1716 2639 deteriores:
1745 2605 1911 2636 fluctuatur

426 2668 656 2708 cupiditatibus
682 2667 744 2697 suis
771 2665 987 2700 deteriores:
1018 2666 1250 2707 cupiditatibus
1277 2666 1324 2696 uis
1485 2664 1527 2698 24
1563 2668 1624 2695 stat
1652 2662 1822 2708 Madm'q:
1852 2664 1911 2694 ista

284 2730 382 2777 (unca
408 2724 591 2770 adposita)
713 2726 870 2756 disserere
895 2722 1024 2768 uulqo:
1055 2725 1214 2756 discerere
1240 2725 1286 2765 (re
1311 2722 1474 2757 additum
1502 2735 1524 2757 a
1550 2732 1643 2756 corr.
1660 2733 1736 2756 esse
1754 2720 1910 2760 uidetur)

403 2784 447 2818 25
466 2786 575 2825 aspice
696 2785 737 2814 ad
758 2784 794 2826 (d
811 2793 861 2817 εει·
880 2787 889 2814 t
907 2784 1017 2825 corr.)
1139 2784 1338 2819 concurritur
1356 2781 1571 2817 deteriores:
1603 2781 1733 2815 Ecurrslt
1753 2780 1800 2822 (in
1820 2781 1910 2822 ras.)

403 2844 447 2875 213
483 2844 663 2873 offocantur
693 2840 867 2886 Georyes,
894 2843 1090 2873 suffocantur
1118 2839 1312 2875 Gruterus:
1343 2842 1520 2872 effocantur
1553 2840 1601 2882 (ιή
1629 2850 1742 2882 ηιανρ.
1770 2849 1862 2873 man.
1891 2842 1909 2870 3

287 2902 477 2943 »ssocantu1·)
