1977 3231
57 1518 77 1551 (ὁ

55 2013 75 2047 3

403 132 507 160 DIAL.
523 132 587 159 VH.
626 132 680 157 AD
702 132 936 160 GALLIONEM
957 132 1010 158 DE
1029 132 1122 158 VITA
1144 132 1283 159 BEATA.
1324 133 1364 159 13.
1388 133 1430 160 14.
1650 137 1729 175 167

108 231 197 284 quis
229 229 465 270 distinxerit
497 228 549 268 illi
580 227 838 282 uoluptates,
871 234 913 268 ut
946 229 1065 277 sciat,
1097 242 1202 279 quae
1235 242 1289 268 ex
1322 229 1378 268 eis
1409 228 1515 269 intra
1546 228 1732 269 naturale

108 301 358 341 desiderium
402 300 612 348 resistant,
655 313 762 352 quae
804 301 843 339 in
884 313 1084 352 praeceps
1128 299 1309 339 ferantur
1350 299 1613 352 infinitaeque
1653 300 1732 339 sint

108 378 170 420 et,
212 384 295 424 quo
329 372 462 422 magis
493 369 718 423 inplentur,
762 384 812 410 eo
846 371 978 422 magis
1011 370 1295 422 inexplebiles.
1358 371 1561 421 agedum,
1604 372 1732 410 uirtus

107 442 348 482 antecedat:
385 446 520 481 tutum
555 441 629 480 erit
661 454 787 480 omne
820 441 1051 492 uestigium.
1099 441 1167 492 [etl
1202 440 1393 492 uoluptas
1426 447 1550 480 nocet
1582 441 1726 481 nimia:

107 515 146 553 in
178 513 327 552 uirtute
358 525 457 558 non,
476 517 538 551 est
571 512 810 560 uerendum,
844 525 895 551 ne
927 511 1025 563 quid
1057 511 1228 550 nimium
1261 512 1324 559 sit,
1356 512 1451 563 quia
1482 512 1521 550 in
1554 512 1641 565 ipsa
1669 518 1731 552 est

107 584 269 623 modus
332 596 416 622 non
459 589 521 622 est
564 582 745 630 bonum,
785 582 898 634 quod
941 581 1228 632 magnitudine
1266 581 1430 621 laborat
1462 596 1546 622 sua.
1609 583 1730 622 ratio-

105 653 286 694 nabilem
330 667 463 706 porro
497 654 652 694 sortitis
694 659 884 693 naturam
927 666 1034 705 quae
1066 652 1211 692 melius
1244 666 1308 692 res
1340 666 1465 705 quam
1499 653 1602 692 ratio
1634 667 1730 705 pro-

104 725 296 778 ponitur?
330 730 371 764 et
402 725 435 764 si
466 724 602 777 placet
634 724 712 763 ista
743 724 1003 772 iunctura,·si
1036 723 1117 763 hoc
1147 723 1284 776 placet
1316 724 1369 763 ad
1402 723 1570 763 beatam
1604 724 1731 763 uitam

105 797 162 836 ire
194 796 416 844 comitatu,
459 797 586 835 uirtus
619 795 861 843 antecedat,
894 795 1116 834 comitetur
1146 792 1339 847 uoluptas
1373 800 1413 833 et
1445 795 1550 834 circa
1581 807 1732 846 corpus

106 873 149 906 ut
181 867 329 906 umbra
361 872 567 906 uersetur:
604 866 799 905 uirtutem
832 866 1023 918 quidem,
1066 864 1394 904 excelsissimam
1428 865 1624 913 omnium,
1658 879 1728 904 uo-

105 938 250 990 luptati
283 937 448 977 tradere
480 935 670 976 ancillam
702 936 800 976 nihil
832 950 1031 988 magnum
1065 936 1204 975 animo
1237 936 1433 988 capientis
1466 942 1538 975 est.

225 1008 342 1048 XIV.
404 1007 542 1046 Prima
574 1008 700 1046 uirtus
733 1013 822 1055 eat,
863 1006 966 1046 haec
998 1006 1102 1046 ferat
1133 1007 1272 1058 signa:
1308 1006 1555 1065 habebimus
1586 1005 1730 1045 nihilo-

105 1080 237 1119 minus
271 1077 544 1130 uoluptatem,
577 1078 653 1117 sed
686 1078 842 1117 domini
876 1078 962 1117 eius
985 1083 1025 1117 et
1047 1082 1352 1130 temperatores
1374 1078 1535 1116 erimus.
1578 1075 1732 1129 aliquid

103 1163 180 1190 nos
213 1149 418 1198 exorabit,
450 1148 546 1189 nihil
579 1154 718 1202 coget.
782 1155 823 1188 at
857 1150 913 1197 ei,
946 1148 1015 1201 qui
1047 1147 1250 1200 uoluptati
1284 1147 1493 1187 tradidere
1524 1147 1731 1200 principia,

103 1227 280 1273 utroque
323 1233 513 1260 caruere:
560 1220 756 1260 uirtutem
800 1220 908 1259 enim
947 1219 1153 1259 amittunt.
1217 1224 1401 1258 ceterum
1434 1232 1520 1258 non
1551 1219 1625 1270 ipsi
1658 1231 1728 1257 uo-

103 1291 328 1344 luptatem,
370 1292 446 1330 sed
490 1292 602 1343 ipsos
645 1290 837 1342 uoluptas
869 1289 1019 1337 habet,
1064 1290 1175 1328 cuius
1218 1282 1288 1328 aut
1320 1289 1457 1340 inopia
1488 1294 1732 1341 torquentur

103 1368 173 1402 aut
205 1362 325 1414 copia
357 1361 683 1414 strangulantur,
729 1362 885 1408 miseri,
929 1360 961 1400 si
995 1361 1241 1400 deseruntur
1272 1359 1325 1399 ab
1358 1358 1443 1407 illa,
1489 1360 1731 1407 miseriores,

103 1434 135 1473 si
166 1433 408 1481 obruuntur,
440 1433 543 1472 sicut
576 1433 768 1485 deprensi
801 1432 902 1472 mari
933 1430 1102 1483 Syrtico
1136 1431 1266 1470 modo
1298 1431 1337 1470 in
1366 1431 1475 1470 sicco
1498 1430 1729 1482 relinquun-

103 1510 189 1552 tur,
241 1504 372 1543 modo
421 1509 606 1543 torrente
650 1504 762 1543 unda
803 1502 1063 1542 fluctuantur.
1125 1502 1262 1541 euenit
1304 1507 1442 1541 autem
1485 1501 1566 1540 hoc
1608 1502 1733 1540 nimia

104 1575 419 1626 intemperantia
463 1581 504 1614 et
546 1587 691 1614 amore
733 1588 858 1614 caeco
902 1573 1036 1613 malae
1079 1573 1144 1612 rei.
1207 1585 1304 1611 nam
1347 1571 1456 1611 mala
1496 1586 1573 1624 pro
1612 1572 1731 1611 bonis

103 1646 259 1698 petenti
291 1645 568 1697 periculosum
601 1651 664 1685 est
696 1646 880 1698 adsequi.
908 1677 917 1687 .
946 1650 990 1684 ut
1022 1643 1127 1683 feras
1160 1657 1254 1683 cum
1287 1643 1431 1692 labore
1464 1642 1731 1696 periculoque

103 1729 303 1756 uenamur
336 1722 377 1755 et
410 1717 625 1769 captarum
659 1729 825 1769 quoque
858 1715 1018 1755 illarum
1051 1714 1226 1755 sollicita
1248 1715 1468 1767 ,possessio
1501 1719 1575 1761 est,
1606 1727 1733 1765 saepe

103 1788 212 1826 enim
245 1786 399 1826 laniant
431 1788 649 1827 dominos:
686 1787 741 1826 ita
774 1786 931 1827 habent
963 1800 1007 1826 se
1040 1799 1219 1838 magnae
1252 1784 1510 1838 uoluptates:
1547 1785 1586 1823 in
1616 1797 1730 1835 mag-

103 1871 201 1897 num
235 1857 390 1897 malum
424 1871 593 1897 euasere
626 1864 856 1911 captaeque
889 1870 1048 1910 cepere.
1111 1870 1218 1908 quae
1250 1869 1333 1908 quo
1365 1855 1502 1908 plures
1535 1855 1729 1894 maiores-

102 1942 184 1981 que
215 1934 319 1977 sunt,
353 1943 404 1968 eo
437 1928 504 1968 ille
535 1931 671 1968 minor
703 1942 750 1968 ac
782 1928 960 1981 plurium
982 1941 1124 1967 seruus
1148 1933 1221 1975 est,
1254 1940 1378 1978 quem
1401 1925 1559 1966 felicem
1586 1924 1731 1977 uolgus

102 1998 297 2052 adpellat.
367 2013 612 2051 permanere
662 1999 761 2039 libet
800 1999 839 2038 in
882 1998 961 2038 hac
1003 1998 1240 2038 etiamnunc
1280 1997 1399 2036 huius
1441 1997 1498 2036 rei
1540 1997 1730 2048 imagine.

101 2070 466 2122 quemadmodum
499 2071 567 2123 qui
599 2070 826 2110 bestiarum
859 2069 1007 2109 cubilia
1038 2069 1210 2120 indagat
1243 2074 1283 2107 et

689 2144 822 2191 laqueo
855 2147 1009 2191 captare
1029 2143 1146 2192 feras

98 2269 171 2313 fuit
192 2269 244 2312 i);
274 2269 397 2314 recepi
422 2267 695 2313 Madniqicmam
722 2268 965 2302 coniecturam
992 2267 1157 2312 quamuis
1182 2278 1253 2301 non
1273 2276 1430 2311 prorsus
1455 2271 1610 2303 centvm
1649 2276 1729 2299 con-

101 2328 186 2362 e'cz'at
211 2327 342 2373 aliquis
368 2330 528 2370 degener,
562 2329 687 2359 eiurans
713 2329 815 2358 uirum
843 2325 902 2361 ecel
926 2328 1030 2358 uirilia
1152 2327 1171 2359 2
1192 2327 1339 2358 resistant
1361 2323 1429 2358 E'Z:
1459 2326 1613 2357 desistant

102 2390 132 2419 in
166 2399 323 2429 praeceps
360 2387 586 2421 Gronom'us:
623 2385 810 2429 praeceps¹
941 2386 960 2419 3
995 2386 1167 2427 implentur
1296 2385 1316 2418 4
1353 2385 1500 2426 uoluptas
1537 2384 1663 2418 Curio:
1701 2390 1729 2415 et

101 2447 248 2487 uoluptas
377 2446 396 2475 ι’»
431 2447 541 2487 nequit
567 2448 591 2488 (t
618 2446 653 2479 e'n
679 2447 699 2477 <1
727 2447 823 2485 ηιιιί.)
954 2446 973 2477 ξ)
1009 2446 1164 2476 comitatu
1191 2442 1408 2478 deteriores:
1445 2444 1603 2475 comitatu

110 2505 140 2538 11
179 2510 223 2536 est
251 2503 300 2546 (in
326 2506 414 2547 ras.)
565 2505 599 2538 12
635 2506 731 2536 uirtus
757 2509 819 2544 eat,
846 2506 927 2536 haee
956 2502 1126 2547 Madue'q:
1164 2504 1262 2534 uirtus
1288 2507 1320 2534 at
1346 2503 1371 2544 (t
1397 2502 1432 2535 in
1458 2503 1478 2532 d
1505 2502 1604 2539 mul.)

109 2564 145 2595 133
173 2564 294 2605 aliquid
322 2563 346 2606 (t
372 2563 406 2596 in
426 2564 445 2593 d
465 2564 563 2604 mul.)
695 2562 730 2596 17
757 2563 994 2604 strangulantur
1018 2563 1124 2594 miseri
1145 2560 1364 2595 deteriores:
1393 2561 1627 2602 strangulentur
1653 2572 1730 2590 -aw

101 2623 189 2654 serisi
217 2622 384 2666 (praeter
409 2634 449 2653 an
475 2621 594 2656 omnia
621 2622 654 2655 ῖη
681 2623 769 2664 rccS.)
892 2622 936 2654 20
972 2632 1071 2653 caeco
1098 2621 1204 2652 malae
1229 2621 1274 2652 rei
1301 2618 1401 2654 Koch
1429 2620 1542 2660 (caeco
1568 2620 1611 2649 rei
1640 2617 1727 2655 E²):

104 2692 202 2721 caects²
228 2682 272 2712 rei
417 2681 461 2714 2¹2
495 2692 650 2713 uenamur
677 2686 706 2712 et
732 2685 900 2722 captarum
936 2679 1068 2722 (omnia
1094 2679 1129 2712 in
1156 2679 1244 2721 ras.)
1389 2690 1465 2720 sepe
1609 2678 1652 2711 ⁴23
1688 2679 1730 2708 ita

103 2741 225 2771 habent
258 2751 292 2771 se
318 2751 458 2781 magnae
482 2741 664 2782 uoluptates
689 2738 841 2784 Illadm'q
877 2740 935 2782 (ita
971 2739 1103 2770 habenti
1138 2749 1275 2779 magnas
1303 2739 1481 2779 uoluptates
1511 2735 1726 2779 Bentleius):

104 2799 147 2830 ita
174 2799 329 2830 habentes
355 2810 492 2840 magnas
519 2799 698 2841 uoluptates
819 2798 862 2832 21
898 2802 1061 2840 capteqz-x-
1192 2796 1235 2829 25
1270 2796 1382 2838 uulgus
1510 2796 1553 2829 26
1588 2795 1729 2836 appellat

221 2858 365 2899 imagine
496 2857 541 2891 28
576 2858 659 2889 seras
687 2858 714 2900 (s
740 2857 773 2891 in
801 2856 889 2900 rccS.)

1756 879 1784 903 10

1756 1232 1785 1255 15

1752 1585 1783 1609 20

1752 1938 1784 1963 25
