2008 3221
254 132 332 171 108
733 124 838 152 DIAL.
859 124 893 150 V.
934 123 985 148 DE
1005 123 1071 149 IRA
1092 122 1165 149 mss.
1188 121 1240 149 111.
1278 125 1323 152 25.
1344 125 1388 150 26.

249 227 306 266 sic
341 226 484 265 inritus
516 223 674 275 ingenti
706 220 882 273 scopulo
915 220 1063 260 fluctus
1096 219 1290 260 adsultat.
1353 223 1419 273 qui
1460 234 1544 260 non
1576 221 1779 267 irascitur,
1801 221 1875 259 »111-

250 309 474 336 601161155115
507 295 648 334 iniuria
679 293 882 345 perstitit,
916 294 984 344 qui
1016 293 1224 340 irascitur,
1261 297 1400 331 motus
1433 297 1508 331 est.
1570 298 1611 331 at
1644 290 1721 338 ille,
1752 303 1876 342 quem
1904 299 1925 332 4

251 368 382 407 modo
427 365 617 405 altiorem
662 365 775 403 omni
817 363 1091 403 ineommodo
1133 362 1273 415 posui,
1314 362 1430 401 t‘enet
1462 361 1661 414 amplexu
1693 362 1879 414 quodam

253 438 384 477 modo
427 449 637 475 summum
681 434 851 474 bonum.
915 447 992 473 nec
1033 433 1190 472 homini
1234 438 1420 481 tantum,
1462 433 1534 472 sed
1573 433 1648 485 ipsi
1690 431 1881 471 fortunae

216 522 230 545 τ)
252 509 501 561 respondet:
560 507 701 546 onmia
743 506 837 545 licet
880 504 1025 552 facias,
1079 505 1214 543 minor
1238 518 1318 552 es,
1361 517 1487 556 quam
1529 509 1573 543 ut
1615 504 1879 542 serenitatem

204 876 232 900 10

206 1232 233 1256 15

202 1592 235 1617 20

209 2306 241 2327 :20

252 592 388 618 meam
423 577 623 617 obducas.
686 582 801 616 uetat
834 575 917 615 hoc
950 576 1068 623 ratio,
1101 576 1164 614 cui
1196 575 1323 614 uitam
1357 575 1585 627 regendam
1620 575 1728 614 dedi.
1790 573 1882 626 plus

252 650 350 689 mihi
393 650 580 688 nocitura
630 655 693 688 est
737 649 795 687 ira
836 661 964 700 quam
1011 647 1164 690 iniuria.
1237 646 1379 699 quidni
1422 646 1534 698 plus?
1587 646 1688 686 illius
1732 646 1883 685 modus

252 727 387 761 certus
420 726 504 760 est:
542 721 618 759 ista
651 732 869 772 quousque
902 732 969 758 me
1001 717 1134 758 latura
1165 718 1217 757 sit
1251 717 1422 757 dubium
1456 723 1530 757 est.

372 791 530 831 XXVI.
580 791 677 830 Non
701 803 886 843 possum,
909 790 1052 841 inquis,
1075 790 1171 842 pati.
1207 802 1334 841 graue
1367 794 1429 828 est
1461 789 1644 828 iniuriam
1674 789 1883 828 sustinere.
1915 793 1926 826 1

256 863 451 903 mentiris.
504 863 594 915 quis
627 863 734 901 enim
778 861 965 900 iniuriam
1009 874 1093 899 non
1126 866 1267 912 potest
1298 859 1424 908 ferre,
1468 861 1536 912 qui
1580 848 1720 913 potest
1758 860 1884 898 iram?

253 935 370 974 adice
404 947 511 973 nunc
544 934 659 985 quod
692 934 734 972 id
767 933 866 984 agis,
900 938 945 970 ut
978 937 1019 970 et
1051 933 1152 971 iram
1187 931 1293 971 feras
1327 937 1367 970 et
1400 932 1599 971 iniuriam.
1650 944 1778 982 quare
1805 929 1886 969 fers

251 1006 365 1057 aegri
408 1005 565 1044 rabiem
611 1010 652 1043 et
693 1003 922 1056 phrenetici
965 1002 1117 1041 uerba?
1186 1015 1411 1054 puerorum
1454 1008 1672 1054 proteruas
1715 1002 1885 1040 manus?

253 1090 405 1129 nempe
438 1076 533 1128 quia
566 1075 756 1114 uidentur
790 1074 948 1113 nescire
980 1073 1079 1126 quid
1112 1073 1285 1113 faciant:
1322 1073 1421 1125 quid
1454 1074 1635 1119 interest,
1669 1085 1752 1125 quo
1777 1073 1884 1124 quis-

254 1161 334 1199 que
367 1148 469 1186 uitio
502 1146 573 1185 fiat
606 1146 854 1198 inprudens?
909 1146 1196 1197 inprudentiae
1228 1157 1303 1197 par
1334 1145 1374 1183 in
1396 1143 1590 1183 omnibus
1612 1143 1886 1196 patrocinium

255 1225 328 1258 est.
390 1218 488 1271 quid
533 1219 661 1269 ergo?
704 1217 859 1269 inquis,
901 1217 1052 1268 inpune
1095 1215 1147 1254 illi
1189 1215 1287 1254 erit?
1349 1220 1450 1268 puta
1491 1214 1598 1253 uelle
1639 1220 1703 1262 te,
1745 1220 1887 1254 tamen

253 1303 337 1329 non
372 1290 456 1328 erit.
520 1288 708 1328 maxima
740 1294 803 1327 est
836 1288 945 1326 enim
979 1282 1114 1327 fac‘tae
1142 1287 1308 1325 iniuriae
1329 1299 1468 1339 poena
1490 1285 1646 1334 fecisse,
1679 1299 1756 1324 nec
1778 1285 1884 1337 quis-

1914 1220 1934 1253 Ὀ

254 1374 380 1413 quam
422 1360 587 1412 grauius
631 1358 820 1398 adficitur
862 1372 989 1411 quarn
1023 1358 1093 1410 qui
1131 1358 1185 1397 ad
1217 1356 1463 1410 supplicium
1496 1357 1774 1410 paenitentiae
1805 1362 1885 1395 tra-

254 1432 373 1471 ditur.
428 1431 577 1470 deinde
610 1431 664 1469 ad
688 1419 978 1469 condicionem
1004 1442 1141 1468 rerum
1175 1428 1453 1467 humanarum
1483 1428 1790 1481 respiciendum
1814 1432 1887 1475 est,
1915 1432 1934 1463 :3

256 1509 299 1542 ut
332 1502 518 1542 omnium
563 1502 837 1540 accidentium
880 1501 999 1553 aequi
1043 1501 1198 1540 iudices
1238 1500 1375 1539 simus.
1438 1499 1600 1552 iniquus
1641 1505 1781 1538 autem
1814 1503 1888 1546 651,

256 1574 323 1626 qui
357 1586 581 1612 commune
614 1573 758 1612 uitium
791 1572 960 1624 singulis
994 1571 1147 1611 obicit:
1183 1584 1267 1610 non
1301 1577 1364 1610 est
1397 1570 1623 1623 Aethiopis
1655 1571 1761 1610 inter
1792 1583 1890 1609 suos

255 1645 470 1697 insignitus
515 1643 651 1690 color,
695 1657 772 1682 nec
804 1643 915 1683 rufus
949 1643 1067 1682 crinis
1100 1649 1142 1682 et
1174 1648 1344 1682 coactus
1376 1642 1415 1681 in
1448 1642 1607 1682 nodum
1641 1642 1753 1694 apud
1787 1640 1890 1680 Ger-

257 1728 406 1755 manos
440 1716 570 1754 uirum
607 1715 795 1754 dedecet.
859 1714 956 1753 1111111
989 1714 1027 1753 111
1060 1727 1144 1753 11110
1177 1713 1376 1753 iudicabis
1405 1712 1591 1753 notabile
1612 1719 1683 1752 aut
1705 1711 1890 1760 foedum,

257 1786 371 1838 quod
405 1786 518 1838 genti
551 1799 650 1825 51136
681 1785 893 1838 publicum
926 1783 1001 1824 ’651,
1060 1791 1101 1824 61
1133 1785 1211 1824 1513
1242 1798 1350 1837 quae
1383 1783 1530 1832 rettuli,
1565 1785 1680 1823 unius
1712 1783 1892 1835 regionis

259 1864 383 1910 atque
416 1855 554 1909 anguli
588 1857 849 1896 consuetudo
883 1855 1094 1895 defendit:
1130 1855 1225 1894 uide
1258 1869 1378 1903 nunc,
1410 1861 1567 1908 quanto
1601 1855 1639 1893 in
1673 1855 1717 1893 iis
1750 1854 1894 1894 iustior

205 1949 233 1971 2-
259 1928 378 1967 uenia
416 1928 489 1976 sit,
534 1941 640 1980 quae
672 1941 747 1979 per
778 1933 914 1966 totum
949 1940 1079 1979 genus
1111 1926 1340 1966 humanum
1374 1926 1546 1978 uolgata
1577 1932 1681 1965 sunt.
1744 1938 1893 1965 omnes
1919 1932 1937 1965 4

258 1997 477 2038 inconsulti
519 2005 560 2038 et
603 1998 808 2051 improuidi
850 2012 1015 2046 sumus,
1059 2011 1207 2037 omnes
1246 1997 1409 2046 incerti,
1452 1997 1630 2050 queruli,
1673 1996 1893 2036 ambitiosi.

260 2070 357 2123 quid
380 2069 602 2109 lenioribus
626 2069 762 2109 uerbis
785 2069 898 2108 ulcus
921 2068 1133 2121 publicum
1155 2069 1402 2108 abscondo?
1437 2081 1585 2107 omnes
1609 2067 1705 2107 mali
1726 2080 1889 2108 sumus:

260 2141 461 2193 quidquid
504 2141 642 2193 itaque
680 2141 719 2180 in
752 2140 832 2180 alio
865 2139 1198 2192 reprehenditur,
1241 2140 1283 2179 id
1315 2139 1596 2192 unusquisque
1627 2140 1667 2178 in
1697 2152 1773 2178 suo
1806 2138 1894 2177 sinu

262 2212 453 2251 inueniet.
507 2212 605 2264 quid
639 2211 740 2251 illius
772 2211 990 2264 pallorem,
1022 2211 1123 2250 illius
1158 2211 1333 2251 maciem
1366 2212 1516 2250 notas?
1565 2209 1798 2262 pestilentia
1820 2214 1892 2248 est.

262 2282 510 2335 placidiores
549 2284 687 2336 itaque
726 2284 900 2322 inuicem
933 2283 1087 2322 simus:
1135 2282 1230 2321 mali
1263 2283 1369 2322 inter
1401 2281 1535 2321 malos
1567 2282 1752 2320 uiuimus.
1814 2293 1895 2320 una

262 2367 340 2393 nos
374 2367 438 2393 res
471 2353 605 2393 facere
638 2355 801 2407 quietos
833 2359 985 2407 potest,
1019 2358 1189 2393 mutuae
1211 2352 1414 2393 facilitatis
1436 2352 1671 2392 conuentio.
1726 2351 1791 2391 ille
1813 2351 1894 2391 iarn
1923 2359 1942 2391 5

438 2502 449 2518 r
738 2488 748 2507 t

382 2532 391 2563 l
427 2528 535 2571 inritus
662 2533 681 2564 {2
710 2521 751 2573 ml
880 2532 898 2561 ζ’,
927 2532 1043 2572 posui-z<-
1187 2529 1436 2572 quodammodo
1463 2532 1612 2563 auclore
1629 2526 1753 2573 [ἐμεῖο
1773 2525 1893 2562 Koch:

261 2603 405 2643 quodam
529 2602 547 2631 ἶ)
575 2597 680 2633 111111οΥ
707 2614 739 2633 65
767 2602 864 2638 (mele
890 2613 922 2633 es
954 2602 1045 2643 ras.)
1171 2601 1211 2634 12
1239 2602 1307 2643 egri
1341 2600 1437 2644 (ante
1463 2611 1479 2631 e
1506 2600 1595 2641 ras.)
1725 2598 1757 2631 11
1788 2600 1896 2641 inpru-

262 2661 390 2692 dentiae
425 2658 640 2694 Pincianus:
680 2662 886 2702 inprudentia
1028 2661 1068 2693 113
1096 2665 1173 2702 puta
1203 2661 1284 2692 uelle
1311 2666 1340 2691 te
1367 2661 1432 2691 tam
1468 2665 1512 2699 (te
1539 2661 1604 2690 tatii
1632 2658 1665 2691 in
1693 2658 1780 2699 raS.)
1817 2656 1892 2691 colli

264 2749 339 2785 puta
366 2749 396 2775 te
424 2744 504 2775 uelle
531 2741 639 2788 melqo
763 2744 805 2777 ’111
833 2755 916 2785 pena
1047 2744 1082 2775 Η)
1109 2755 1215 2775 sumus
1243 2743 1352 2785 (corr.
1380 2742 1414 2775 in
1442 2743 1552 2783 simus)
1623 2744 1626 2748 '
1677 2717 1800 2784 iniqui-is

263 2806 307 2835 ’34)
341 2804 444 2834 obicit
470 2801 593 2836 Jsoch:
632 2803 754 2834 obiecit
892 2804 935 2836 '2⁸2
970 2803 1078 2844 sedum
1219 2801 1261 2835 '37
1298 2801 1472 2833 lenioribus
1499 2798 1684 2833 lma-clus:
1721 2800 1896 2831 leuioribus

381 2864 425 2895 ‘22⁵
452 2863 590 2893 maciem
620 2860 747 2906 mdqa:
778 2863 881 2892 aciem
1007 2861 1052 2893 :30
1078 2862 1176 2892 simus
1204 2859 1331 2905 unlqo:
1362 2870 1468 2891 sumus
