1977 3231
442 133 546 161 DIAL.
568 135 617 162 VI.
655 135 710 160 AD
732 134 921 161 MARCIAM
942 135 994 161 DE
1014 134 1333 163 CONSOLATIONE.
1373 138 1416 164 20.
1655 142 1734 180 145

71 236 91 270 3
117 230 274 270 saluum
299 243 347 269 ac
368 236 585 282 potentem
608 232 668 271 sui
700 233 882 285 possim:
918 232 1056 272 habeo
1088 234 1202 285 quod
1235 233 1452 286 adpellem.
1504 233 1628 273 uideo
1651 234 1738 274 istic

116 313 256 339 cruces
277 313 330 339 ne
357 301 474 340 unius
496 301 664 352 quidem
699 303 859 354 generis
891 303 965 342 sed
998 303 1114 342 aliter
1135 304 1188 342 ab
1211 303 1295 343 aliis
1327 303 1568 343 fabricatas:
1605 305 1738 356 capite

115 371 284 423 quidam
317 383 542 410 conuersos
575 373 613 410 in
645 378 798 412 terram
831 374 1105 426 suspendere,
1138 373 1202 413 alii
1234 388 1308 426 per
1340 375 1523 414 obscena
1554 374 1735 427 stipitem

115 446 304 492 egerunt,
338 440 402 480 alii
434 442 601 482 brachia
633 443 820 495 patibulo
853 444 1150 496 explicuerunt.
1211 445 1335 484 uideo
1369 444 1570 492 fidiculam,
1614 445 1737 484 uideo

115 512 298 551 uerbera.
345 517 385 550 et
418 513 616 552 membris
649 513 816 565 singulis
848 520 890 553 et
922 514 1099 553 articulis
1131 514 1291 566 singula
1322 522 1551 554 nocuerunt
1584 515 1734 554 machi-
1757 527 1772 551 5

114 589 334 622 namenta:
381 583 456 621 sed
500 583 624 623 uideo
658 591 699 624 et
732 590 925 623 mortem.
988 591 1083 623 sunt
1114 585 1202 624 istic
1233 585 1376 643 hostes
1409 586 1586 632 cruenti,
1629 587 1738 625 ciues

112 653 303 705 superbi:
350 654 424 692 sed
468 654 589 693 uideo
631 655 720 693 istic
762 661 803 693 et
844 660 1036 694 mortem.
1099 668 1181 694 non
1225 660 1287 695 est
1320 655 1542 695 molestum
1575 656 1737 702 seruire,

113 722 181 761 ubi
214 723 245 762 si
276 724 446 762 dominii
476 731 714 776 pertaesum
737 732 811 772 est,
844 725 938 764 licet
961 739 1044 765 uno
1066 726 1198 777 gradu
1221 726 1275 764 ad
1296 725 1530 765 libertatem
1554 727 1736 765 transire.

65 796 86 829 4
113 805 250 832 caram
294 800 356 841 te,
406 795 509 842 uita,
558 794 760 834 beneficio
804 797 948 835 mortis
992 795 1141 835 habeo.
1215 796 1354 847 cogita
1395 802 1596 848 quantum
1638 797 1737 835 boni

113 870 350 915 opportuna
382 877 496 903 mors
528 864 703 913 habeat,
751 879 878 917 quam
912 865 1048 905 multis
1081 866 1229 905 diutius
1262 867 1414 906 uixisse
1446 868 1642 906 nocuerit.
1704 868 1736 906 si
1760 878 1789 903 10

113 932 185 972 Cn.
230 934 497 987 Pompeium,
552 937 679 975 decus
730 937 840 976 istud
892 936 1286 989 firmamentumque
1329 937 1504 989 imperii,
1559 937 1736 989 Neapoli

112 1004 309 1044 ualetudo
332 1005 579 1053 abstulisset,
612 1006 868 1046 indubitatus
890 1007 1032 1060 populi
1054 1007 1235 1047 Romani
1256 1008 1446 1060 princeps
1468 1014 1730 1066 excesserat:

111 1081 152 1114 at
184 1088 292 1114 nunc
323 1076 464 1127 exigui
495 1077 696 1129 temporis
729 1078 905 1117 adiectio
938 1077 1102 1129 fastigio
1135 1077 1247 1117 illum
1287 1091 1361 1117 suo
1406 1077 1572 1130 depulit.
1634 1078 1735 1117 uidit

109 1145 296 1197 legiones
327 1147 367 1185 in
399 1153 627 1199 conspectu
659 1161 735 1187 suo
769 1161 921 1187 caesas
975 1154 1015 1205 et
1048 1162 1102 1187 ex
1134 1148 1202 1187 illo
1234 1148 1404 1201 proelio,
1436 1150 1475 1187 in
1497 1162 1581 1201 quo
1603 1149 1736 1200 prima

110 1216 218 1255 acies
249 1223 415 1255 senatus
447 1215 532 1265 fuit,
564 1231 688 1270 quam
723 1217 900 1257 infelices
933 1218 1125 1270 reliquiae
1147 1227 1251 1267 sunt,
1282 1220 1417 1272 ipsum
1440 1220 1734 1271 imperatorem
1758 1230 1788 1255 15

109 1285 366 1340 superfuisse.
413 1288 514 1326 uidit
536 1287 799 1340 Aegyptium
833 1288 1065 1328 carnificem
1099 1296 1140 1328 et
1172 1295 1484 1329 sacrosanctum
1507 1290 1732 1328 uictoribus

109 1371 260 1409 corpus
301 1357 464 1397 satelliti
505 1359 729 1410 praestitit,
777 1360 936 1399 etiamsi
979 1359 1194 1399 incolumis
1235 1360 1397 1408 fuisset,
1441 1360 1733 1413 paenitentiam

109 1427 249 1467 salutis
291 1434 464 1467 acturus.
526 1430 625 1481 quid
667 1430 775 1469 enim
815 1436 903 1469 erat
944 1431 1101 1483 turpius
1144 1444 1269 1484 quam
1308 1431 1556 1483 Pompeium
1598 1432 1735 1470 uiuere

63 1500 82 1533 ἵ)
110 1498 311 1538 beneficio
355 1499 489 1550 regis?
553 1499 609 1538 M.
643 1499 787 1539 Cicero
830 1501 861 1539 si
904 1501 973 1540 illo
1014 1507 1227 1554 tempore,
1269 1515 1354 1554 quo
1396 1500 1593 1541 Catilinae
1631 1502 1734 1540 sicas

110 1569 319 1617 deuitauit‚
352 1569 500 1621 quibus
532 1571 684 1622 pariter
713 1584 807 1610 cum
830 1572 961 1624 patria
983 1573 1136 1623 petitus
1159 1579 1233 1620 est,
1266 1573 1528 1620 concidisset,
1560 1572 1733 1611 liberata
1753 1583 1786 1608 20

109 1639 319 1691 republica
350 1646 539 1679 seruator
570 1641 675 1690 eius,
718 1642 751 1680 si
783 1642 961 1694 denique
993 1642 1099 1682 filiae
1131 1656 1229 1682 suae
1261 1642 1380 1682 funus
1412 1648 1578 1692 secutus
1609 1648 1732 1690 esset,

108 1710 334 1749 etiamtunc
375 1709 473 1749 felix
506 1712 610 1750 mori
641 1713 788 1763 potuit.
851 1726 933 1751 non
966 1714 1137 1752 uidisset
1168 1714 1333 1753 strictos
1365 1714 1404 1752 in
1437 1712 1567 1752 ciuilia
1598 1714 1733 1765 capita

108 1792 329 1819 mucrones
373 1795 450 1820 nec
491 1781 620 1820 diuisa
661 1782 973 1834 percussoribus
1006 1784 1239 1822 occisorum
1271 1783 1403 1831 bona,
1447 1789 1490 1822 ut
1522 1784 1646 1823 etiam
1680 1784 1733 1822 de

107 1864 182 1890 suo
215 1852 415 1902 perirent,
449 1865 533 1890 non
565 1851 727 1891 hastam
761 1853 991 1892 consularia
1022 1853 1154 1906 spolia
1186 1855 1439 1893 uendentem
1472 1867 1550 1893 nec
1581 1855 1732 1893 caedes

60 1924 80 1957 6
106 1920 264 1960 locatas
285 1922 460 1974 publice,
482 1922 705 1970 latrocinia,
729 1922 847 1971 bella,
870 1924 1043 1976 rapinas,
1063 1930 1224 1963 tantum
1241 1923 1518 1964 Catilinarum.
1542 1924 1730 1964 Marcum
1752 1935 1785 1960 25

108 1990 314 2032 Catonem
346 1993 378 2032 si
411 2006 435 2031 a
457 1992 600 2046 Cypro
634 2000 674 2032 et
706 1993 947 2033 hereditatis
978 1995 1117 2046 regiae
1149 1995 1458 2046 dispensatione
1486 1996 1730 2035 redeuntem

107 2076 222 2102 mare
263 2064 507 2103 deuorasset
545 2064 610 2104 uel
643 2078 736 2104 cum
768 2064 834 2104 illa
865 2066 953 2117 ipsa
984 2066 1179 2118 pecunia,
1221 2079 1347 2117 quam
1380 2065 1597 2105 adferebat
1629 2065 1730 2105 ciuili

105 2132 216 2172 bello
258 2134 530 2186 stipendium,
572 2148 710 2174 nonne
740 2135 793 2174 illi
827 2135 935 2174 bene
967 2142 1105 2175 actum
1139 2135 1271 2175 foret?
1334 2136 1416 2175 hoc
1447 2142 1560 2176 certe
1590 2149 1730 2175 secum

234 2322 240 2353 l
273 2322 434 2363 appellem
553 2323 624 2353 istic
651 2321 868 2356 deteriores:
899 2324 948 2354 isti
1062 2324 1081 2356 ἴ.)
1109 2334 1148 2354 ne
1177 2322 1304 2356 Gertz:
1333 2335 1397 2354 non
1511 2324 1530 2357 {j
1559 2334 1730 2355 conuersos

108 2384 136 2421 (s
163 2378 221 2413 ull.
250 2379 333 2422 del.)
459 2382 489 2411 in
517 2385 633 2412 terram
662 2380 880 2415 deteriores:
912 2383 941 2412 in
969 2386 1051 2412 terra
1188 2382 1208 2415 ὃ
1243 2382 1375 2423 singulis
1403 2386 1432 2413 et
1459 2383 1600 2413 articulis
1635 2380 1729 2415 (lelc-

105 2438 241 2472 riores:
286 2440 418 2480 singulis
445 2441 585 2471 articulis
737 2445 912 2472 nocuerunt
948 2438 1118 2485 llIadne'q:
1157 2442 1333 2472 docuerunt
1490 2440 1509 2474 (ἱ
1544 2442 1601 2472 sed
1634 2442 1729 2471 uideo

106 2495 290 2531 Muretus:
320 2503 350 2529 et
375 2499 471 2530 uideo
622 2499 635 2532 ἶ
670 2500 741 2530 istic
765 2499 928 2542 sortasse
955 2498 1144 2533 delendum
1280 2502 1301 2534 ὅ
1337 2501 1473 2531 dominii
1503 2499 1726 2534 Gronovius:

107 2557 243 2589 domim-1
396 2557 435 2590 11
467 2557 592 2589 Gneum
748 2559 1023 2599 tirmamentumq3
1052 2560 1178 2599 imperii
1206 2560 1252 2600 (q;
1282 2561 1409 2600 imperii
1435 2559 1470 2593 in
1497 2558 1586 2599 ras.)

110 2614 149 2647 12
175 2615 319 2646 ualitudo
442 2617 559 2647 ·P·1<-
710 2617 748 2649 Ν)
776 2628 872 2658 quam
899 2617 1041 2648 infelices
1067 2615 1141 2650 ΕΗ
1170 2628 1231 2658 que
1257 2618 1393 2649 infelicis
1535 2617 1573 2651 11
1601 2616 1728 2648 satelliti

105 2670 141 2705 E
147 2674 180 2705 ²:
209 2675 345 2705 satietati
473 2676 682 2716 penitentiam
819 2677 856 2708 12³
884 2677 968 2716 regis
994 2675 1061 2708 uix
1086 2686 1232 2712 mmmm
1261 2677 1403 2718 gregalis
1430 2676 1593 2721 Lipsius,
1620 2675 1727 2716 rugosi

104 2730 204 2765 Koch
317 2732 355 2766 21
387 2735 490 2764 re-P·
602 2738 746 2766 seruator
772 2735 836 2766 eius
864 2732 1031 2767 Fickert:
1060 2739 1174 2768 seruat.
1203 2733 1234 2776 e}
1353 2737 1417 2767 filie
1529 2734 1573 2768 ‘24'
1599 2735 1726 2765 hastam

107 2789 324 2824 deteriores}
354 2791 446 2823 hasta
588 2803 647 2824 nec
675 2793 791 2825 caedes
818 2794 940 2825 locatas
967 2793 1096 2834 publice
1122 2793 1292 2824 latrocinia
1328 2792 1498 2839 Madm'q:
1536 2804 1594 2825 nec
1621 2793 1725 2826 cedes,

105 2859 164 2880 nec
191 2850 298 2881 locata
325 2850 454 2891 publice
479 2851 649 2882 latrocinia

1404 2913 1444 2945 ,10
