2008 3221
231 103 283 141 72
715 98 819 125 DlAL.
841 98 889 125 lv,
930 97 982 123 DE
1004 97 1071 128 1RA
1091 97 1163 126 LIB.
1186 97 1222 123 11.
1261 99 1306 126 21.
1327 98 1371 125 22.

225 203 418 251 apparet,
460 209 554 236 cum
599 195 799 247 quidquid
841 194 933 234 leue
975 201 1016 234 et
1048 195 1168 234 inane
1200 195 1240 234 in
1272 195 1412 235 animo
1445 202 1550 244 erat,
1596 197 1781 236 secunda
1812 209 1858 236 se

226 282 324 308 aura
356 267 528 306 sustulit.
580 265 751 305 felicitas
783 265 1037 305 iracundiam
1069 266 1208 314 nutrit,
1240 266 1309 305 ubi
1342 279 1461 306 aures
1483 267 1684 319 superbas
1706 267 1854 307 adsen-

225 345 408 378 tatorum
451 337 574 376 turba
616 336 913 376 circumstetit:
969 336 1043 376 tibi
1086 337 1195 376 enim
1228 336 1294 376 ille
1333 338 1610 390 respondeat?
1662 350 1747 377 non
1778 351 1856 390 pro

225 409 390 460 fastigio
422 414 462 447 te
494 413 568 447 tuo
601 407 781 446 metiris:
833 407 921 459 ipse
952 413 994 446 te
1025 407 1186 459 proicis.
1268 413 1310 447 et
1341 407 1421 447 alia
1452 408 1601 461 quibus
1633 408 1704 447 uix
1733 421 1858 448 sanae

188 497 202 519 ε.
224 486 265 519 et
307 479 361 518 ab
404 479 517 518 initio
560 478 669 518 bene
711 477 910 517 fundatae
953 484 1117 517 mentes
1159 479 1393 519 restiterint.
1454 479 1582 531 longe
1622 479 1761 531 itaque
1803 477 1857 517 ab
1883 484 1905 519 8

223 549 514 589 adsentatione
552 549 727 602 pueritia
765 550 1026 588 remouenda
1058 555 1132 588 est.
1195 550 1336 589 audiat
1368 563 1512 589 uerum
1545 556 1587 590 et
1619 550 1765 590 timeat
1797 550 1855 588 in-

222 621 354 668 terim,
388 626 580 660 uereatur
612 633 789 672 semper.
843 620 1071 659 maioribus
1103 620 1314 672 adsurgat.
1366 619 1464 659 nihil
1496 633 1571 673 per
1601 621 1856 661 iracundiam
1911 635 1916 639 ’

222 697 384 731 exoret.
445 691 562 743 quod
594 690 708 730 flenti
749 697 951 743 negatum
995 690 1125 739 fuerit,
1164 691 1306 744 quieto
1350 691 1558 731 offeratur.
1621 698 1662 732 et
1694 692 1857 731 diuitias

223 762 456 816 parentium
506 761 547 800 in
598 767 828 814 conspectu
870 761 1042 809 habeat,
1085 775 1170 801 non
1212 762 1252 810 in
1294 775 1382 802 usu.
1454 762 1762 814 exprobrentur
1804 761 1857 801 illi

171 848 201 873 10
221 846 441 886 perperam
487 832 606 872 facta.
669 832 894 885 pertinebit
936 833 991 871 ad
1034 845 1122 872 rem
1167 838 1464 885 praeceptores
1496 834 1857 886 paedagogosque
1883 836 1903 871 9

221 904 357 956 pueris
389 903 576 956 placidos
610 903 708 942 dari.
771 904 976 955 proximis
1009 902 1242 955 adplicatur
1275 916 1400 942 omne
1432 904 1548 956 quod
1580 909 1769 943 tenerum
1793 910 1857 943 est

221 979 263 1014 et
314 974 355 1012 in
400 987 546 1013 eorum
589 973 900 1013 similitudinem
943 974 1101 1013 crescit.
1173 974 1379 1013 nutricum
1422 980 1464 1013 et
1504 975 1856 1027 paedagogorum

220 1043 416 1084 rettulere
449 1058 553 1084 mox
586 1043 915 1084 adulescentium
949 1058 1100 1084 mores.
1153 1045 1266 1097 apud
1288 1044 1508 1084 Platonem
1532 1045 1733 1084 educatus
1755 1058 1858 1097 puer
1876 1048 1916 1082 lO

220 1128 316 1155 cum
349 1115 404 1155 ad
436 1120 631 1168 parentes
674 1115 827 1155 relatus
865 1108 1165 1155 uociferantem
1198 1116 1359 1155 uideret
1391 1121 1573 1167 patrem,
1615 1129 1857 1167 numquam,

172 1201 199 1227 15
220 1186 367 1238 inquit,
412 1185 494 1226 hoc
535 1187 648 1239 apud
681 1185 901 1226 Platonem
943 1173 1036 1225 uidi.
1100 1200 1185 1225 non
1223 1186 1371 1226 dubito
1403 1186 1502 1238 quin
1534 1186 1650 1225 citius
1692 1192 1857 1237 patrem

220 1257 404 1297 imitatus
442 1257 494 1296 sit
525 1270 652 1309 quam
686 1257 917 1296 Platonem.
981 1257 1114 1296 tenuis
1146 1264 1245 1296 ante
1277 1257 1419 1296 omnia
1450 1257 1581 1296 uictus
1613 1256 1672 1295 sit
1699 1264 1741 1296 et
1773 1270 1858 1296 non
1876 1260 1918 1294 11

220 1327 404 1380 pretiosa
435 1328 562 1367 uestis
595 1334 636 1367 et
668 1327 807 1367 similis
841 1327 974 1367 cultus
1007 1341 1101 1366 curn
1135 1327 1403 1380 aequalibus:
1451 1341 1537 1367 non
1558 1328 1756 1367 irascetur
1788 1327 1857 1366 ali-

220 1411 347 1451 quem
380 1398 457 1437 sibi
490 1399 708 1451 conparari
740 1412 866 1451 quem
900 1398 954 1437 ab
986 1398 1101 1437 initio
1136 1397 1274 1437 multis
1305 1411 1451 1449 parem
1484 1397 1640 1437 feceris.

341 1469 475 1508 XXII.
508 1468 595 1509 Sed
627 1469 732 1509 haec
763 1469 817 1509 ad
839 1468 992 1508 liberos
1014 1474 1181 1508 nostros
1203 1469 1437 1521 pertinent:
1474 1469 1512 1507 in
1535 1468 1657 1507 nobis
1689 1468 1859 1520 quidem
1888 1470 1906 1504 1

168 1554 201 1579 20
221 1552 312 1579 sors
345 1540 542 1579 nascendi
575 1546 616 1579 et
648 1539 842 1579 educatio
876 1552 951 1579 nec
984 1539 1068 1578 uitii
1100 1538 1239 1578 locum
1264 1552 1341 1578 nec
1372 1539 1455 1578 iam
1483 1539 1697 1591 praecepti
1719 1538 1860 1579 habet.

221 1611 436 1662 sequentia
477 1611 711 1650 ordinanda
754 1615 860 1649 sunt.
923 1615 1069 1649 contra
1114 1610 1268 1662 primas
1310 1610 1450 1662 itaque
1494 1623 1640 1649 causas
1671 1622 1860 1662 pugnare
1885 1617 1907 1651 2

223 1681 451 1721 debemus:
509 1694 633 1721 causa
673 1687 814 1721 autem
856 1680 1093 1720 iracundiae
1136 1681 1276 1733 opinio
1319 1680 1488 1720 iniuriae
1530 1686 1618 1728 est3
1677 1681 1740 1719 cui
1773 1693 1859 1719 non

221 1751 339 1791 facile
382 1753 640 1791 credendum
693 1758 768 1791 est.
831 1764 884 1790 ne
925 1752 1078 1804 apertis
1130 1752 1301 1804 quidem
1354 1750 1665 1803 manifestisque
1716 1751 1858 1790 statim

222 1823 522 1873 accedendum.
584 1823 793 1875 quaedam
835 1822 944 1861 enim
987 1821 1091 1861 falsa
1122 1823 1207 1861 ueri
1248 1822 1432 1874 speciem
1466 1823 1610 1861 ferunt.
1672 1821 1858 1861 dandum
1885 1829 1905 1863 3

168 1908 202 1934 25
221 1906 389 1945 semper
421 1899 484 1933 est
514 1899 708 1947 tempus:
757 1894 977 1932 ueritatem
1020 1893 1108 1932 dies
1150 1893 1294 1946 aperit.
1356 1906 1409 1932 ne
1450 1893 1530 1931 sint
1572 1906 1692 1932 aures
1725 1893 1857 1932 crimi-

221 1964 415 2003 nantibus
447 1963 610 2003 faciles:
669 1963 751 2003 hoc
789 1965 999 2003 humanae
1037 1970 1209 2003 naturae
1242 1963 1385 2003 uitium
1418 1970 1659 2016 suspectum
1691 1969 1858 2002 notum-

221 2048 303 2087 que
326 2031 542 2082 nobis sit,
574 2036 688 2087 quod
712 2048 819 2087 quae
850 2035 963 2074 inuiti
987 2035 1191 2082 audimus,
1223 2033 1399 2073 libenter
1428 2034 1635 2073 credimus
1669 2040 1710 2073 et
1742 2041 1856 2074 ante-

222 2118 348 2157 quam
371 2105 612 2154 iudicemus,
638 2106 861 2146 irascimur.
906 2106 1017 2158 quid,
1050 2106 1166 2157 quod
1199 2117 1284 2144 non
1307 2105 1659 2144 criminationibus
1681 2110 1856 2152 tantum,
1883 2110 1905 2144 4

221 2176 297 2215 sed
339 2176 644 2227 suspicionibus
686 2175 919 2229 inpellimur
971 2181 1013 2216 et
1065 2188 1120 2215 ex
1162 2175 1279 2215 uoltu
1323 2176 1489 2228 risuque
1539 2175 1674 2215 alieno
1716 2175 1860 2228 peiora

169 2259 202 2283 :w
222 2246 480 2298 interpretati
522 2247 811 2287 innocentibus
854 2247 1094 2287 irascimur?
1137 2246 1279 2299 itaque
1321 2247 1487 2297 agenda
1531 2251 1594 2285 est
1637 2244 1783 2285 contra
1814 2258 1859 2285 se

223 2329 345 2356 causa
387 2317 571 2356 absentis
614 2323 656 2356 et
697 2318 737 2357 in
780 2331 984 2369 suspenso
1017 2317 1075 2357 ira
1113 2317 1342 2357 retinenda.
1404 2322 1546 2370 potest
1578 2317 1687 2356 enim
1719 2309 1859 2369 poena

222 2386 349 2426 dilata
382 2387 518 2439 exigis
537 2401 621 2427 non
652 2393 795 2441 potest
827 2394 978 2428 exacta
1010 2388 1208 2428 reuocari.

226 2563 238 2594 ·1
271 2563 426 2604 quidquid
455 2563 573 2608 (prior
599 2564 618 2594 d
647 2563 755 2606 corr.)
863 2564 988 2596 secl-ida
1016 2563 1098 2606 (sida
1124 2562 1159 2597 in
1187 2564 1277 2606 ras.)
1392 2562 1413 2596 2
1440 2566 1672 2594 assentatorum
1700 2561 1818 2606 (prior
1842 2574 1856 2594 s

227 2624 336 2663 sorr.)
436 2622 454 2651 ἵι
484 2623 652 2654 restiterint
680 2620 865 2657 Illurelus:
895 2623 1072 2654 restiterunt
1172 2623 1191 2655 ⁴⁷3
1219 2622 1436 2653 assentatione
1463 2620 1585 2666 (prior
1610 2633 1623 2650 s
1650 2622 1761 2661 corr.)

349 2676 362 2692 Γ

225 2704 245 2737 T
273 2704 411 2746 adsugat
439 2704 468 2746 (r
494 2714 536 2736 m.
560 2706 633 2749 pr.)
740 2705 776 2738 ’11
809 2706 991 2748 applicatur
1017 2704 1135 2750 (prior
1161 2716 1182 2747 p
1208 2706 1318 2744 corr.)
1429 2703 1468 2737 13
1496 2703 1642 2734 rettulere
1669 2705 1793 2746 (tolum
1820 2702 1855 2736 in

227 2763 315 2804 ras.)
416 2764 670 2795 adulescentium
697 2763 840 2807 Haupt:
871 2764 1129 2796 inadolescentiz'i
1157 2766 1191 2805 (o
1218 2763 1329 2805 corr.)
1430 2762 1472 2796 lb*
1497 2763 1536 2793 sit
1563 2760 1707 2795 addidit
1732 2759 1856 2795 Haase

343 2820 387 2855 24
416 2822 612 2855 adcedendn
735 2823 816 2854 salsa
842 2824 907 2854 ucri
935 2825 982 2863 (sa
1009 2823 1075 2854 ueri
1100 2822 1136 2856 in
1163 2822 1251 2866 ras.)
1374 2820 1417 2854 ‘25'
1445 2821 1574 2862 quodq;
1699 2821 1741 2854 31
1771 2831 1856 2862 pena
