1977 3231
615 132 718 159 DIAL.
740 133 774 159 v.
813 133 866 157 DE
887 133 954 158 IRA
977 133 1046 160 ΗΒ.
1068 133 1119 160 111.
1159 136 1184 160 4.
1206 137 1232 161 5.
1678 138 1731 176 89

113 229 300 279 potentia
332 235 530 267 exercent
564 236 604 268 et
637 236 929 280 argumentum
963 230 1106 268 uirium
1142 231 1395 270 existumant
1428 238 1467 270 et
1501 232 1539 270 in
1572 232 1734 282 magnis

114 310 293 349 magnae
334 297 524 338 fortunae
556 299 676 338 bonis
708 306 868 352 ponunt
899 306 1086 351 paratam
1121 300 1336 348 ultionem,
1376 314 1500 353 quam
1533 314 1618 340 non
1653 302 1731 352 [siti

115 374 284 419 potens,
339 370 469 408 immo
513 383 564 408 ne
606 369 709 408 liber
750 370 918 422 quidem
962 370 1041 408 dici
1082 371 1213 422 possit
1256 371 1338 409 irae
1380 384 1478 410 suae
1520 373 1732 423 captiuus?

69 447 80 476 ἵ
114 451 198 477 non
232 439 585 487 uisadmoneam,
618 453 702 492 quo
736 440 971 491 diligentior
1001 441 1174 492 quisque
1209 441 1259 480 sit
1291 447 1333 480 et
1364 442 1451 493 ipse
1483 455 1527 481 se
1560 443 1731 481 circum-

112 509 268 560 spiciat,
300 510 376 548 alia
409 511 531 548 animi
565 510 673 548 mala
705 511 758 549 ad
791 511 995 562 pessimos
1017 524 1204 562 quosque
1233 512 1449 562 pertinere,
1482 512 1732 551 iracundiam

112 580 236 618 etiam
261 580 427 619 eruditis
451 581 687 620 hominibus
720 589 760 620 et
794 582 831 619 in
864 581 942 620 alia
963 580 1071 619 sanis
1101 580 1312 632 inrepere?
1346 582 1454 620 adeo
1487 589 1530 621 ut
1562 583 1731 635 quidam

111 649 378 701 simplicitatis
403 652 596 690 indicium
621 653 872 690 iracundiam
898 653 1034 690 dicant
1068 658 1109 690 et
1142 651 1269 703 uolgo
1295 653 1487 691 credatur
1520 652 1733 692 facillimus

110 720 282 772 quisque
315 720 406 760 huic
440 723 661 760 obnoxius.

230 791 280 829 V.
336 791 546 844 Quorsus,
610 793 760 845 inquis,
823 792 904 831 hoc
952 794 1156 844 pertinet?
1210 798 1254 831 ut
1308 806 1433 831 nemo
1485 807 1529 832 se
1583 794 1732 834 iudicet

109 868 244 901 tutum
277 864 330 901 ab
364 862 449 910 illa,
493 877 585 902 cum
619 863 731 902 lenes
776 876 943 915 quoque
976 870 1120 902 natura
1153 871 1194 902 et
1226 863 1413 915 placidos
1446 854 1484 901 in
1516 865 1729 903 saeuitiam

108 948 156 973 ac
189 933 426 973 uiolentiam
460 938 616 973 euocet.
680 935 1040 985 quemadmodum
1085 935 1284 973 aduersus
1326 933 1603 986 pestilentiam
1636 934 1733 973 nihil

107 1005 281 1056 prodest
325 1004 497 1043 firmitas
539 1005 725 1056 corporis
769 1011 809 1043 et
853 1004 1026 1056 diligens
1064 1004 1308 1043 ualetudinis
1341 1018 1454 1052 cura,
1481 1005 1732 1064 ⁸promiscue

1755 878 1784 903 10

108 1076 217 1114 enim
240 1075 428 1114 inbecilla
449 1075 703 1126 robustaque
737 1076 916 1114 inuadit:
953 1076 1008 1113 ita
1041 1076 1093 1113 ab
1127 1075 1184 1114 ira
1215 1080 1302 1114 tam
1336 1075 1524 1126 inquietis
1547 1075 1731 1115 moribus

107 1145 332 1197 periculum
377 1152 439 1184 est
481 1159 607 1197 quam
651 1146 876 1197 conpositis
910 1152 951 1184 et
982 1145 1183 1192 remissis,
1228 1145 1376 1197 quibus
1410 1158 1460 1184 eo
1493 1146 1650 1197 turpior
1682 1159 1731 1185 ac

60 1226 76 1254 ζ
106 1215 372 1267 periculosior
404 1222 486 1262 est,
529 1230 612 1267 quo
655 1215 746 1267 plus
790 1217 829 1255 in
871 1215 943 1254 illis
986 1221 1131 1254 mutat.
1203 1216 1277 1255 sed
1320 1229 1413 1254 cum
1457 1216 1636 1268 primum
1680 1217 1729 1255 sit
1768 1231 1782 1253 ι’)

106 1301 189 1326 non
222 1287 349 1334 irasci,
382 1287 611 1325 secundum
645 1287 844 1331 desinere,
877 1286 1043 1325 tertium
1067 1285 1224 1325 alienae
1246 1299 1412 1338 quoque
1443 1286 1527 1325 irae
1562 1287 1729 1333 mederi,

105 1357 240 1396 dicam
283 1358 485 1409 primum,
539 1358 900 1409 quemadmodum
943 1358 981 1395 in
1024 1357 1126 1396 iram
1169 1370 1253 1396 non
1296 1357 1536 1404 incidamus,
1578 1358 1730 1396 deinde

105 1429 467 1480 quemadmodum
511 1442 587 1467 nos
630 1428 682 1467 ab
716 1427 781 1467 illa
813 1428 1056 1474 liberemus,
1099 1428 1322 1467 nouissime
1366 1429 1728 1480 quemadmodum

105 1499 351 1538 irascentem
384 1500 633 1538 retineamus
665 1501 960 1551 placemusque
992 1506 1032 1537 et
1065 1500 1118 1538 ad
1152 1499 1374 1537 sanitatem
1408 1499 1666 1537 reducamus.

224 1569 288 1608 Ne
321 1568 543 1609 irascamur
574 1569 888 1622 praestabimus,
922 1571 953 1608 si
986 1570 1125 1608 onmia
1159 1570 1253 1608 uitia
1285 1570 1368 1608 irae
1400 1569 1520 1607 nobis
1553 1570 1729 1608 subinde

104 1640 443 1691 proposuerimus
475 1647 515 1679 et
548 1640 657 1679 illam
690 1640 798 1679 bene
831 1641 1196 1679 aestimauerimus.
1258 1640 1491 1678 accusanda
1523 1646 1585 1678 est
1617 1641 1728 1691 apud

103 1723 191 1757 nos,
225 1710 472 1749 damnanda.
517 1712 815 1762 perscrutanda
844 1711 929 1749 eius
952 1710 1061 1749 mala
1094 1717 1133 1749 et
1166 1711 1206 1748 in
1239 1710 1422 1748 medium
1445 1709 1729 1761 protrahenda

66 1778 72 1788 '
104 1786 206 1819 sunt.
271 1788 314 1819 ut
346 1780 476 1833 qualis
507 1782 559 1820 sit
591 1788 801 1833 appareat,
845 1782 1113 1833 conparanda
1145 1794 1239 1819 cum
1272 1781 1459 1832 pessimis
1492 1786 1565 1819 est.
1632 1794 1726 1819 aua-

103 1851 191 1890 ritia
223 1852 401 1903 adquirit
433 1857 474 1890 et
507 1851 724 1899 contrahit,
764 1866 846 1904 quo
880 1851 1022 1904 aliquis
1055 1851 1201 1890 melior
1233 1857 1394 1889 utatur:
1443 1851 1499 1889 ira
1531 1851 1729 1902 inpendit,

102 1923 241 1973 paucis
284 1923 463 1974 gratuita
505 1928 578 1962 est.
641 1923 858 1961 iracundus
903 1923 1096 1961 dominus
1148 1928 1251 1973 quot
1302 1922 1341 1960 in
1394 1920 1535 1973 fugam
1584 1935 1762 1961 seruos.

103 1993 213 2044 egit?
266 1999 368 2044 quot
410 1994 449 2032 in
492 1995 701 2032 mortem?
755 2000 912 2045 quanto
954 1992 1045 2045 plus
1088 1992 1304 2031 irascendo
1357 2005 1483 2044 quam
1535 1992 1576 2030 id
1629 1998 1727 2039 erat,

101 2069 273 2115 propter
305 2064 421 2115 quod
452 2063 725 2110 irascebatur,
759 2064 920 2102 amisit?
963 2064 1021 2102 ira
1053 2063 1158 2115 patri
1190 2062 1366 2109 luctum,
1408 2063 1556 2101 marito
1591 2063 1725 2101 diuor-

56 2136 67 2167 ἵ
101 2134 204 2172 tium
247 2134 402 2181 attulit,
445 2135 701 2185 magistratui
744 2134 908 2179 odium,
958 2129 1183 2172 candidato
1226 2132 1445 2185 repulsam.
1507 2133 1624 2185 peior
1666 2139 1728 2171 est

101 2218 226 2256 quam
269 2204 450 2251 luxuria,
493 2206 689 2256 quoniam
733 2204 798 2243 illa
851 2218 924 2243 sua
977 2204 1191 2256 uoluptate
1243 2203 1405 2251 fruitur,
1449 2203 1552 2242 haec
1593 2203 1726 2241 alieno

103 2275 261 2314 dolore.
321 2275 444 2313 uincit
477 2274 776 2326 malignitatem
811 2282 852 2314 et
884 2275 1102 2314 inuidiam:
1141 2274 1231 2312 illae
1264 2274 1372 2312 enim
1406 2273 1608 2312 infelicem
1640 2272 1726 2312 fieri

103 2345 267 2393 uolunt,
310 2345 413 2384 haec
455 2344 600 2383 facere.
664 2345 754 2383 illae
797 2344 971 2384 fortuitis
1015 2344 1132 2383 malis
1174 2343 1453 2390 delectantur,
1498 2343 1601 2382 haec
1643 2357 1727 2382 non

111 2522 116 2553 1
150 2522 329 2552 existimant
360 2519 490 2559 tallera
517 2521 525 2551 i
548 2519 620 2563 sid!
647 2524 678 2555 u')
808 2521 827 2551 ζ)
855 2521 894 2550 sit
919 2518 1062 2553 seclusi!
1092 2518 1211 2551 Haase
1344 2518 1362 2549 :3
1391 2519 1535 2560 captiuus
1564 2517 1723 2561 Lipsius:

102 2586 213 2622 eaptus
334 2580 350 2612 4'
382 2591 588 2611 ammoneam
616 2578 732 2624 (prior
758 2590 789 2609 m
816 2588 924 2612 cort-U
1055 2578 1064 2610 ἶ
1096 2579 1192 2619 uulgo
1323 2578 1356 2609 {⁸3
1384 2577 1568 2608 ualitudinis
1595 2577 1727 2620 (prima

103 2640 111 2669 i
138 2639 247 2679 corr.)
370 2638 400 2671 ll
432 2639 622 2679 compositis
743 2638 778 2669 lii
806 2638 951 2668 desinere
980 2636 1200 2670 Grouom'ns:
1230 2637 1372 2667 detinere
1475 2636 1515 2668 ⁴21
1546 2642 1621 2676 aput

102 2696 145 2730 ‘22
172 2698 291 2728 mala*
435 2698 478 2730 ‘23
506 2698 729 2738 comparanda
859 2696 901 2729 ‘34'
930 2697 1064 2737 acquirit
1092 2704 1121 2736 tc
1148 2704 1198 2728 esc
1223 2696 1245 2725 d
1271 2701 1381 2729 corr.)
1512 2694 1702 2725 contrahit-x-

1321 2747 1360 2764 llll

102 2790 197 2820 quo*
232 2778 317 2822 <suit
341 2778 443 2822 quod)
567 2780 713 2820 inpendit
740 2776 922 2811 Muretus:
954 2778 1097 2809 incendit
1210 2776 1253 2809 25
1279 2781 1373 2817 grata
1401 2777 1574 2819 (l'orlasse
1601 2786 1642 2807 m.
1665 2785 1725 2819 pr.

102 2839 301 2882 suprascr)
416 2838 459 2870 ‘223
488 2842 521 2870 el
545 2838 589 2869 ⁴245
616 2839 703 2878 quod
724 2847 797 2881 pro
823 2843 899 2878 quot
1015 2837 1058 2868 *28
1086 2837 1244 2877 repulsam
1273 2836 1300 2875 (r
1327 2837 1435 2871 corr.)

1748 1585 1782 1610 21)

1747 2288 1779 2311 30
