1977 3231
41 485 76 518 16

42 834 78 868 17

69 1890 88 1923 10

322 164 426 192 DIAL.
448 164 498 192 IX.
537 165 590 190 AD
611 163 798 190 SERENVM
823 164 873 189 DE
892 163 1244 197 TRANQVILLITATE
1265 163 1391 190 ANIMI,
1434 166 1455 191 1.
1476 164 1502 191 ⁴2.
1639 168 1720 208 195

100 276 153 302 ne
193 261 392 314 paulatim
435 261 615 300 defluam
650 275 815 309 uereor,
859 268 929 301 aut
961 263 1075 314 quod
1107 269 1170 301 est
1202 262 1432 311 sollicitius,
1474 276 1526 302 ne
1558 276 1723 315 semper

101 345 247 372 casuro
289 331 428 370 similis
469 332 676 383 pendeam
720 339 761 372 et
798 331 889 384 plus
922 332 1098 371 fortasse
1129 334 1180 372 sit
1211 347 1337 384 quam
1370 332 1482 385 quod
1513 335 1600 385 ipse
1632 347 1721 385 per-

102 404 225 442 uideo
298 401 550 441 familiariter
592 404 701 441 enim
745 403 977 442 domestica
1019 403 1267 453 adspicimus
1306 410 1348 443 et
1380 417 1545 455 semper
1576 403 1723 442 iudicio

104 473 220 512 fauor
262 471 398 511 officit.
462 479 563 525 puto
609 472 763 512 multos
796 475 981 525 potuisse
1013 474 1066 512 ad
1099 475 1343 525 sapientiam
1375 476 1610 526 peruenire,
1653 475 1727 512 nisi

103 548 318 596 putassent
340 556 384 581 se
407 543 654 595 peruenisse,
677 543 751 582 nisi
772 544 979 595 quaedam
1002 545 1041 581 in
1073 557 1117 582 se
1150 543 1486 591 dissimulassem,
1519 544 1726 596 quaedam
1747 553 1762 576 ὃ

104 615 259 666 opertis
281 612 408 652 oculis
430 612 740 653 transiluissent.
783 627 866 652 non
890 619 954 652 est
978 615 1097 661 enim,
1131 615 1246 665 quod
1269 616 1400 666 magis
1423 614 1554 654 aliena
1575 615 1728 653 iudices

105 684 342 724 adulatione
380 697 456 722 nos
488 685 619 735 perire
652 697 776 735 quam
810 689 963 723 nostra.
1028 684 1118 735 quis
1150 684 1226 723 sibi
1260 698 1403 724 uerum
1438 686 1574 724 dicere
1606 697 1728 723 ausus

105 756 194 794 est?
227 755 317 806 quis
349 767 433 792 non
464 754 569 793 inter
600 753 857 793 laudantium
880 753 1263 806 blandientiumque
1286 755 1446 806 positus
1468 767 1618 806 greges
1640 753 1727 805 plu-

105 826 253 864 rimum
287 830 428 863 tamen
460 824 536 863 sibi
569 824 656 876 ipse
689 824 931 863 adsentatus
964 826 1053 863 est?
1087 837 1193 876 rogo
1226 825 1375 876 itaque,
1408 825 1441 863 si
1463 825 1576 876 quod
1599 823 1730 863 habes

106 886 337 933 remedium
370 906 454 946 quo
486 893 592 933 hanc
625 893 936 933 fluctuationem
970 907 1108 933 meam
1141 895 1272 942 sistas,
1305 894 1477 946 dignum
1507 907 1575 933 me
1596 899 1730 946 putes,
1755 901 1784 926 10

107 965 175 1016 qui
207 963 281 1002 tibi
312 963 649 1015 tranquillitatem
684 964 874 1003 debeam.
937 977 1020 1002 non
1054 977 1145 1003 esse
1177 963 1431 1016 periculosos
1472 964 1549 1003 hos
1593 969 1731 1003 motus

108 1034 230 1073 animi
262 1047 338 1072 nec
370 1034 590 1086 quicquam
623 1033 866 1072 tumultuosi
899 1033 1122 1073 adferentis
1154 1034 1250 1074 scio.
1304 1040 1348 1073 ut
1381 1048 1486 1080 uera„
1500 1035 1572 1074 tibi
1595 1034 1730 1073 simili-

108 1105 251 1143 tudine
282 1104 344 1151 id,
378 1104 431 1142 de
463 1117 547 1156 quo
580 1117 752 1155 queror,
796 1105 1051 1157 exprimam,
1084 1118 1167 1143 non
1200 1111 1451 1157 tempestate
1483 1118 1627 1151 uexor‚
1659 1105 1733 1143 sed

109 1187 288 1213 nausea:
325 1173 499 1213 detrahe
531 1188 654 1226 ergo,
686 1175 886 1226 quidquid
919 1174 1000 1213 hoc
1032 1181 1095 1214 est
1127 1174 1234 1222 mali,
1268 1182 1309 1214 et
1341 1189 1533 1215 succurre
1565 1176 1602 1214 in
1636 1188 1731 1214 con-

110 1250 255 1297 spectu
287 1250 490 1284 terrarum
522 1244 738 1284 laboranti.
1759 1254 1787 1278 ιε)

232 1314 278 1353 ΙΙ.
324 1312 550 1366 [SENECA.]
616 1314 786 1366 Quaero
819 1328 887 1353 me
918 1314 1105 1354 hercules
1138 1315 1218 1355 iam
1247 1315 1419 1363 dudum,
1452 1314 1617 1363 Serene,
1651 1316 1737 1367 ipse

112 1386 271 1433 tacitus,
304 1384 366 1424 cui
398 1384 524 1424 talem
559 1384 766 1424 adfectum
800 1386 923 1424 animi
955 1385 1129 1425 similem
1163 1392 1330 1438 putem,
1363 1400 1439 1426 nec
1471 1386 1538 1425 ulli
1570 1386 1737 1438 propius

113 1457 373 1495 admouerim
406 1455 605 1507 exemplo
637 1469 762 1507 quam
792 1469 949 1505 eorum,
985 1457 1052 1508 qui
1076 1470 1130 1495 ex
1153 1456 1281 1509 longa
1302 1463 1343 1497 et
1365 1457 1479 1509 graui
1503 1456 1738 1496 ualetudine

114 1525 295 1577 expliciti
338 1525 599 1565 motiunculis
640 1525 882 1578 leuibusque
927 1527 1089 1566 interim
1133 1526 1302 1567 offensis
1335 1529 1665 1579 perstringuntur
1698 1533 1739 1566 et

115 1610 209 1635 cum
234 1595 421 1648 reliquias
454 1595 702 1647 effugerunt,
734 1597 1034 1649 suspicionibus
1067 1603 1208 1636 tamen
1242 1584 1521 1650 inquietantur
1553 1598 1738 1636 medicis·
1760 1605 1792 1629 '20

115 1681 195 1719 que
237 1667 317 1705 iam
360 1666 446 1705 sani
489 1680 658 1705 manum
702 1667 918 1719 porrigunt
961 1674 1001 1706 et
1044 1681 1213 1707 omnem
1248 1668 1429 1708 calorem
1463 1670 1649 1721 corporis
1680 1668 1742 1706 sui

116 1737 426 1776 calumniantur.
490 1736 651 1785 horum,
683 1726 850 1785 Serene,
884 1751 966 1777 non
1000 1751 1146 1790 parum
1179 1752 1324 1778 sanum
1359 1745 1422 1778 est
1455 1753 1624 1791 corpuS,
1667 1739 1742 1777 sed

117 1808 279 1847 sanitati
320 1821 466 1859 parum
500 1807 712 1847 adsueuit:
759 1808 863 1847 sicut
896 1814 958 1847 est
990 1809 1160 1860 quidam
1193 1816 1351 1849 tremor
1383 1811 1507 1849 etiam
1540 1808 1744 1861 tranquilli

117 1878 260 1925 maris,
321 1879 461 1930 utique
507 1877 669 1932 [lacus]
715 1893 808 1918 cum
852 1893 905 1918 ex
948 1885 1202 1931 tempestate
1244 1881 1452 1932 requieuit.
1535 1894 1640 1933 opus
1683 1887 1744 1919 est

117 1950 255 2001 itaque
297 1962 381 1987 non
424 1949 498 1987 illis
541 1950 795 1997 durioribus,
838 1963 945 2002 quae
977 1950 1058 1989 iam
1091 1951 1479 2000 transcucurrimus,
1525 1957 1567 1990 ut
1600 1951 1798 1990 alicubi-21·

118 2019 263 2058 obstes
314 2018 409 2066 tibi,
462 2018 610 2058 alicubi
661 2020 868 2067 irascaris,
924 2019 1071 2059 alicubi
1132 2023 1259 2060 instes
1318 2023 1479 2073 grauis:
1538 2023 1612 2061 sed
1665 2021 1745 2069 illo,

119 2090 234 2142 quod
277 2088 466 2128 ultimum
511 2090 644 2137 uenit,
689 2096 733 2129 ut
775 2090 902 2130 fidem
946 2091 1019 2130 tibi
1060 2091 1218 2130 habeas
1264 2097 1304 2131 et
1345 2097 1458 2131 recta
1500 2092 1557 2131 ire
1598 2097 1639 2131 te
1683 2092 1748 2131 uia

120 2160 277 2207 credas,
310 2159 406 2198 nihil
440 2166 639 2199 auocatus
670 2161 913 2199 transuersis
946 2161 1173 2200 multorum
1208 2162 1388 2213 uestigiis
1416 2162 1570 2214 passim
1595 2163 1743 2202 discur-

120 2230 318 2277 rentium,
352 2231 614 2282 quorundam
650 2231 756 2269 circa
787 2231 918 2282 ipsam
952 2231 1174 2270 errantium
1210 2232 1327 2271 uiam.
1391 2233 1505 2283 quod
1538 2232 1748 2272 desideras

122 2305 274 2345 autem,
320 2313 518 2351 magnum
562 2306 603 2339 et
645 2313 855 2339 summum
899 2307 961 2339 est
1005 2301 1171 2353 deoque
1213 2302 1410 2350 uicinum,
1455 2316 1537 2342 non
1571 2303 1747 2342 concuti.
1769 2314 1802 2337 250

248 2442 258 2472 l
299 2450 409 2470 uereor
436 2444 487 2470 aut
515 2438 734 2473 deteriores:
764 2441 890 2472 ueriora
916 2445 948 2471 ut
1092 2442 1113 2474 2
1145 2442 1235 2482 peius
1265 2440 1371 2475 Gertz
1397 2442 1472 2476 sine
1498 2452 1608 2476 causa

123 2498 143 2531 3
180 2499 352 2540 aspicimus
501 2498 517 2531 ῖ
554 2499 739 2531 adulatione
764 2511 823 2531 nos
850 2509 943 2532 *unus
970 2498 1208 2533 deterior-mn:
1246 2501 1432 2532 adulatione
1458 2512 1524 2535 0111.
1551 2513 1610 2532 nos

860 2578 868 2582 <
1093 2566 1107 2582 Ε

127 2592 166 2625 ‘ll
203 2593 401 2634 periculosos
428 2594 487 2623 hos
514 2591 635 2626 Koch:
672 2577 869 2635 periculos0>
984 2593 1027 2626 v153
1054 2604 1132 2625 uxor
1261 2594 1296 2627 ll
1324 2606 1442 2626 nausea
1469 2597 1500 2635 (e
1519 2595 1632 2637 corr.)

125 2651 246 2691 quich
389 2650 433 2684 20
459 2652 579 2683 medici
597 2663 646 2694 sq;
676 2656 771 2693 (ante
789 2664 802 2682 :s
821 2651 961 2696 aliquid
986 2653 1143 2694 erasum)
1289 2654 1326 2687 21
1360 2655 1506 2695 corporis
1533 2653 1748 2687 determres:

977 2709 1057 2735 lacus

127 2745 257 2785 corpori
401 2744 445 2778 24
479 2747 586 2787 utique
612 2757 684 2777 cum
712 2744 853 2779 Haase:
894 2750 988 2787 utque
1038 2751 1080 2779 esi
1227 2746 1271 2778 ⁴25
1303 2759 1385 2789 quae
1411 2749 1476 2779 iam
1504 2746 1631 2791 Pinssel
1654 2746 1755 2791 apud

128 2799 373 2846 Madm‘qium:
410 2814 471 2844 que
497 2810 527 2835 et
554 2803 587 2835 (εἶ
709 2805 827 2835 alicubi
855 2803 1073 2838 deteriores:
1104 2806 1231 2836 alicube
1257 2809 1312 2839 ter
1432 2806 1476 2839 213
1504 2807 1559 2837 illo
1590 2806 1748 2850 Lipsius:

129 2871 207 2902 illud
327 2873 371 2904 28
397 2875 584 2904 transuersis
610 2873 738 2918 mclqo:
769 2876 938 2905 transuersi
1060 2874 1103 2908 211
1129 2864 1196 2916 uili—t

1406 2935 1471 2967 113*
