2008 3221
236 127 318 167 266
434 124 537 150 DIAL.
559 123 610 150 XI.
649 123 704 148 AD
727 122 905 148 HELVIAM
929 121 1100 148 MATREM
1125 123 1173 147 DE
1195 122 1515 150 CONSOLA'HONE.
1559 125 1598 151 16.
1625 125 1663 151 17.

234 223 378 262 intueri
424 220 539 260 uoles
582 219 775 268 feminas,
818 233 921 272 quas
965 224 1190 272 conspecta
1231 220 1358 259 uirtus
1402 221 1506 260 inter
1539 235 1717 273 magnos
1750 221 1859 261 uiros

233 293 378 346 posuit.
425 291 660 332 Corneliam
695 304 749 330 ex
783 291 1005 331 duodecim
1038 290 1174 330 liberis
1207 291 1261 330 ad
1293 291 1399 330 duos
1431 290 1595 330 fortuna
1627 293 1858 344 redegerat.
1887 302 1906 333 Η

232 365 263 403 si
297 376 515 402 numerare
546 361 688 401 funera
712 360 930 401 Corneliae
962 361 1099 409 uelles,
1133 362 1326 401 amiserat
1360 363 1529 401 decem:
1566 363 1597 401 si
1630 363 1859 410 aestimare,

233 435 426 479 amiserat
471 433 696 473 Gracchos.
769 433 963 472 flentibus
1016 439 1157 472 tamen
1211 433 1316 471 circa
1358 446 1402 472 se
1445 439 1485 472 et
1528 433 1656 472 satum
1700 434 1861 473 saeuius

198 505 525 544 &execrantibus
567 505 799 552 interdixit,
842 518 895 543 ne
938 503 1146 543 fortunam
1191 509 1455 551 accusarent,
1499 518 1606 557 quae
1648 504 1724 543 sibi
1756 503 1861 544 filios

184 867 212 891 10

185 1223 212 1247 15

181 1578 212 1602 2⁴)

183 2292 197 2315 3
202 2290 216 2312 ί)

233 575 448 615 Gracchos
491 575 727 615 ademisset.
790 588 843 613 ex
888 575 967 614 hac
1005 575 1158 613 femina
1190 575 1334 614 debuit
1367 575 1499 622 nasci,
1533 575 1600 627 qui
1635 575 1789 614 diceret
1823 576 1861 614 in

234 647 451 686 contione:
511 653 553 684 tu
597 645 730 684 mafrz'
770 659 887 684 meae
930 644 1185 694 maledicas,
1231 658 1338 696 quae
1381 659 1445 684 me
1478 645 1677 696 peperit?
1729 645 1861 686 multo

234 718 330 757 mihi
390 731 475 757 uox
537 717 679 757 matris
740 717 902 756 uidetur
954 717 1206 756 animosior:
1263 716 1368 755 filius
1421 730 1577 768 magno
1630 717 1862 756 aestimauit

235 789 519 829 Gracchorum
554 787 723 835 natales
758 795 891 827 mater
925 793 965 827 et
997 787 1149 827 funera.
1198 786 1351 827 Rutilia
1375 786 1544 827 Cottam
1569 787 1695 826 filium
1718 794 1862 827 secuta

234 867 295 899 est
340 861 376 898 in
421 859 588 898 exilium
633 866 672 898 et
718 873 847 910 usque
881 873 931 898 eo
965 858 1039 898 fuit
1071 858 1326 909 indulgentia
1358 859 1601 906 constricta,
1645 864 1689 898 ut
1722 858 1862 898 mallet

233 931 401 970 exilium
446 931 529 982 pati
572 944 696 982 quam
742 930 1016 978 desiderium,
1051 943 1135 984 ⁴nec
1177 935 1273 968 ante
1317 929 1355 968 in
1399 929 1575 980 patriam
1608 942 1733 982 quam
1767 942 1862 968 cum

233 1002 314 1041 filio
358 1002 488 1041 rediit.
553 1002 733 1041 eundem
779 1001 858 1040 iam
904 1002 1100 1040 reducem
1135 1007 1175 1040 et
1209 1001 1246 1039 in
1281 1000 1490 1053 republica
1525 1000 1742 1040 florentem
1775 1006 1862 1040 tam

233 1073 394 1113 fortiter
427 1074 562 1112 amisit
594 1086 718 1125 quam
753 1079 896 1112 secuta
929 1078 1003 1112 est.
1066 1086 1143 1111 nec
1175 1073 1393 1124 quisquam
1428 1069 1626 1110 lacrimas‘
1649 1071 1734 1110 eius
1766 1077 1863 1124 post

233 1144 387 1183 elatum
431 1143 556 1183 fllium
600 1145 771 1183 notauit.
835 1145 874 1182 in
917 1142 1094 1196 expulso
1138 1144 1330 1182 uirtutem
1375 1143 1580 1190 ostendit,
1622 1143 1662 1181 in
1709 1142 1862 1182 amisso

233 1215 542 1268 prudentiamz'
576 1229 672 1254 nam
717 1221 757 1254 et
800 1214 896 1254 nihil
940 1214 1050 1253 illam
1094 1228 1117 1253 a
1159 1216 1315 1266 pietate
1359 1214 1557 1252 deterruit
1600 1220 1641 1253 et
1684 1212 1781 1252 nihil
1823 1215 1863 1253 in

233 1287 393 1326 tristitia
426 1300 681 1339 superuacua
712 1286 920 1338 stultaque
955 1286 1138 1325 detinuit.
1183 1299 1277 1324 cum
1311 1285 1372 1324 his
1405 1291 1446 1324 te
1476 1285 1681 1324 numerari
1704 1284 1863 1324 seminis

234 1357 357 1397 uolo:
402 1372 576 1410 quarum
611 1359 739 1397 uitam
773 1370 940 1409 semper
972 1356 1132 1396 imitata
1165 1370 1220 1404 es,
1254 1369 1394 1395 earum
1428 1356 1467 1394 in
1501 1356 1733 1395 coercenda
1765 1368 1860 1394 con-

234 1430 535 1481 primendaque
567 1429 826 1480 aegritudine
858 1429 1018 1481 optime
1050 1428 1233 1480 sequeris
1266 1426 1520 1479 exemplum.

354 1500 488 1539 XVII.
541 1500 636 1539 Scio
670 1514 758 1539 rem
792 1514 875 1539 non
910 1513 1000 1538 esse
1032 1499 1071 1538 in
1105 1505 1246 1538 nostra
1278 1504 1490 1551 potestate
1522 1511 1599 1537 nec
1630 1497 1757 1536 ullum
1791 1498 1862 1537 ad-

234 1571 384 1611 fectum
418 1572 590 1619 seruire,
636 1571 803 1610 minime
836 1585 935 1621 uero
970 1584 1087 1618 eum,
1121 1570 1188 1622 qui
1223 1584 1277 1608 ex
1312 1569 1458 1609 dolore
1490 1569 1679 1608 nascitur.
1743 1568 1864 1608 ferox

235 1643 342 1682 enim
378 1650 419 1683 et
452 1643 651 1682 aduersus
685 1656 812 1681 omne
846 1641 1077 1681 remedium
1111 1648 1341 1681 contumax
1369 1647 1441 1680 est.
1487 1640 1679 1680 uolumus
1702 1640 1864 1679 interim

235 1714 346 1753 illum
380 1714 558 1753 obruere
592 1719 631 1752 et
666 1714 870 1752 deuorare
903 1713 1107 1765 gemitus:
1152 1726 1226 1764 per
1259 1712 1393 1764 ipsum
1426 1718 1567 1750 tamen
1600 1712 1864 1763 conpositum

235 1784 462 1837 fictumque
506 1785 666 1824 uoltum
710 1784 905 1823 lacrimae
947 1783 1262 1836 profunduntur.
1326 1782 1431 1822 ludis
1474 1782 1635 1821 interim
1676 1787 1745 1820 aut
1778 1781 1863 1833 gla-

237 1856 465 1895 diatoribus
498 1857 683 1894 animum
718 1868 996 1907 occupamus:
1034 1860 1075 1893 at
1111 1854 1221 1894 illum
1255 1855 1360 1893 inter
1391 1854 1498 1906 ipsa,
1532 1853 1681 1905 quibus
1714 1866 1863 1892 auoca-

201 1934 321 1974 5tnr,
366 1926 604 1979 spectacula
646 1926 747 1965 leuis
792 1926 926 1978 aliqua
969 1926 1160 1965 desiderii
1204 1931 1303 1964 nota
1345 1924 1514 1964 subruit.
1584 1923 1678 1962 ideo
1721 1923 1866 1962 melius

236 2004 298 2037 est
342 1999 504 2037 uincere
547 1998 658 2036 illum
703 2011 828 2049 quam
864 1996 1013 2036 fallere.
1078 2010 1174 2035 nam
1208 1996 1275 2048 qui
1309 1995 1475 2035 delusus
1509 2001 1549 2034 et
1582 1994 1866 2047 uoluptatibus

235 2076 304 2109 aut
347 2069 689 2121 occupationibus
732 2068 938 2107 abductus
978 2074 1062 2116 est,
1106 2067 1281 2119 resurgit
1314 2073 1354 2107 et
1388 2069 1476 2118 ipsa
1508 2066 1646 2118 quiete
1678 2066 1864 2118 inpetum

236 2142 289 2179 ad
333 2141 610 2180 saeuiendum
645 2140 839 2191 conligit:
887 2146 930 2179 at
963 2139 1146 2191 quisquis
1179 2139 1325 2178 rationi
1359 2138 1501 2185 cessit,
1544 2137 1582 2176 in
1615 2143 1864 2189 perpetuum

237 2211 496 2263 componitur.
560 2225 643 2249 non
687 2225 777 2250 sum
822 2212 961 2262 itaque
1003 2210 1074 2249 tibi
1119 2209 1185 2249 illa
1218 2214 1543 2256 monstraturus,
1587 2208 1735 2261 quibus
1768 2221 1865 2246 usos

237 2296 328 2321 csse
383 2282 535 2321 multos
588 2282 694 2329 scio,
749 2287 792 2320 ut
834 2281 1167 2334 peregrinatione
1209 2286 1250 2319 te
1294 2279 1358 2319 uel
1402 2279 1529 2331 longa
1571 2280 1757 2318 detineas
1801 2277 1864 2317 uel

244 2495 251 2527 l
292 2478 426 2525 semin?
452 2501 478 2523 (s
505 2505 548 2526 m.
568 2493 645 2537 pr.)
769 2493 789 2527 3
818 2494 967 2524 estimare
1088 2492 1104 2525 -i
1142 2493 1241 2522 falum
1269 2492 1392 2523 saeuius
1421 2489 1537 2524 Koch:
1567 2491 1667 2522 fatum
1694 2485 1724 2532 ei

239 2554 257 2583 Η
285 2555 456 2585 a‹lcmi‹.<et
482 2551 681 2586 Bentleins:
711 2553 851 2584 dedisset
972 2554 992 2582 Η
1019 2553 1201 2583 aestimauit
1224 2550 1364 2585 Haase:
1394 2552 1556 2582 estimabit
1575 2549 1653 2583 cod.
1673 2550 1866 2582 aestimabat

571 2611 576 2634 1

238 2647 321 2682 (loll.
453 2649 488 2679 1¹³
515 2649 613 2679 malet
640 2648 662 2689 (⁴¹
681 2657 872 2692 suprascr.
896 2658 939 2682 m.
956 2647 1013 2691 pri
1035 2651 1071 2679 ul
1091 2645 1249 2688 uidetur)
1390 2646 1397 2678 ¹
1415 2646 1421 2678 1
1454 2646 1561 2677 eufilio
1688 2645 1726 2678 12
1755 2645 1865 2677 .R.l'.

457 2715 468 2729 S

363 2742 400 2775 123
428 2743 574 2783 potelaui
605 2750 631 2783 ts
651 2754 691 2774 m
711 2743 783 2787 pr.)
913 2741 949 2774 15
977 2742 1052 2772 niet)
1071 2742 1128 2773 init
1147 2741 1193 2782 (in
1215 2747 1300 2781 ras.)
1431 2740 1468 2773 16
1495 2741 1547 2772 Cu
1566 2741 1616 2771 his
1643 2743 1672 2770 te
1700 2739 1747 2782 (in
1776 2739 1864 2778 ras.)

357 2801 399 2834 2⁸2
436 2803 590 2843 cOpositss
738 2803 780 2834 ¹31⁴·
815 2802 867 2842 qui
895 2801 1020 2832 ‹le-lusus
1047 2807 1074 2831 et
1103 2799 1317 2834 (lelerioresz
1347 2800 1462 2842 qdelus
1488 2804 1517 2830 et
1544 2798 1568 2841 (t
1595 2797 1723 2834 (lelela‘)

239 2861 277 2895 ‘li
311 2863 433 2903 impelii
557 2864 600 2894 ‘lb'
636 2861 835 2892 zulscuiendll
959 2862 1002 2892 2⁴.)
1038 2860 1216 2901 componi(

1891 1930 1911 1962 Ιί
