2008 3221
220 119 298 158 172
509 116 614 143 DIAL.
630 116 693 142 VII.
734 115 787 140 AD
808 114 1042 141 GALLIONEM
1065 116 1116 141 DE
1136 116 1231 142 VITA
1251 117 1390 144 BEATA.
1431 118 1472 146 19.
1493 119 1537 144 20.

213 216 296 254 curi
338 214 502 262 fecisse,
544 213 659 265 quod
700 211 777 252 sibi
819 211 960 264 gulam
1002 215 1244 265 praesecuit.
1308 214 1374 254 alii
1416 214 1671 255 dementiam
1705 215 1835 255 uideri

213 285 356 325 uolunt
398 285 553 325 factum
596 285 678 325 hoc
720 286 827 332 eius,
871 284 936 325 alii
967 287 1270 324 temeritatem:
1316 284 1382 325 ille
1414 287 1577 326 interim
1611 286 1759 326 beatus
1792 300 1840 326 ac

212 357 357 409 plenus
401 356 514 396 bona
556 357 812 396 conscientia
853 355 1035 396 reddidit
1075 356 1153 395 sibi
1191 357 1479 396 testimonium
1511 359 1597 397 uita
1628 358 1840 397 excedens

211 428 478 479 laudauitque
511 429 659 467 aetatis
693 429 733 467 in
765 434 890 479 portu
924 434 966 466 et
999 427 1053 466 ad
1085 440 1283 466 ancoram
1307 434 1425 467 actae
1447 430 1630 479 quietem
1653 435 1696 468 et
1718 429 1839 476 dixit,

177 516 191 539 ε,
212 499 326 551 quod
359 511 434 537 uos
466 499 581 537 inuiti
613 499 797 545 audistis,
831 499 946 550 quasi
977 497 1099 542 ,uobis
1132 511 1299 550 quoque
1331 497 1564 538 faciendum
1596 501 1670 539 sit:

522 571 611 607 Vixi
639 576 673 607 et
703 583 808 619 quem
841 571 996 608 dederat
1025 583 1171 607 cursum
1193 572 1363 620 fortuna
1386 572 1527 620 peregi,

212 641 265 680 de
308 639 474 680 alterius
516 642 622 687 uita,
665 641 719 680 de
761 640 927 680 alterius
970 646 1108 680 morte
1153 640 1372 694 disputatis
1405 647 1447 680 et
1480 641 1534 680 ad
1565 654 1720 680 nomen
1753 656 1838 681 ma-

211 725 389 763 gnorum
422 710 479 750 ob
512 712 693 763 aliquam
727 713 927 750 eximiam
960 711 1127 750 laudem
1160 713 1366 759 uirorum,
1398 713 1504 751 sicut
1537 712 1591 751 ad
1624 725 1842 752 occursum

210 784 451 834 ignotorum
492 781 710 822 hominum
754 784 900 822 minuti
943 796 1087 830 canes,
1127 782 1298 822 latratis.
1361 783 1537 834 expedit
1579 785 1689 822 enim
1722 783 1844 823 uobis

161 867 190 891 ιο
210 855 420 914 neminem
454 854 583 893 uideri
616 853 786 901 bonum,
820 855 936 905 quasi
968 853 1101 893 aliena
1133 855 1264 893 uirtus
1296 854 1570 906 exprobratio
1593 853 1841 894 delictorum

211 927 398 964 omnium
441 927 508 965 sit.
571 926 698 965 inuidi
740 924 959 976 splendida
1000 939 1095 966 cum
1128 925 1322 965 sordibus
1355 928 1503 966 uestris
1536 924 1732 966 confertis
1764 939 1842 965 nec

210 996 461 1048 intellegitis,
494 1003 652 1048 quanto
684 997 727 1036 id
759 1002 901 1036 uestro
934 997 1190 1036 detrimento
1225 997 1423 1036 audeatis.
1482 1009 1579 1036 nam
1611 998 1644 1037 si
1676 990 1742 1044 illi,
1775 998 1843 1050 qui

211 1070 407 1108 uirtutem
439 1073 688 1119 sequuntur,
733 1069 867 1115 auari,
898 1067 1118 1115 libidinosi,
1151 1067 1445 1119 ambitiosique
1478 1074 1593 1116 sunt,
1636 1068 1735 1120 quid
1767 1081 1844 1107 uos

211 1141 330 1187 estis,
373 1139 522 1191 quibus
563 1141 699 1190 ipsum
742 1152 898 1178 nomen
930 1140 1093 1179 uirtutis
1126 1138 1225 1178 odio
1259 1141 1349 1178 est?
1392 1140 1556 1190 negatis
1587 1152 1841 1191 quemquam

162 1229 190 1252 15
211 1217 443 1262 praestare,
486 1223 594 1262 quae
625 1209 827 1263 loquitur,
871 1223 947 1249 nec
979 1211 1032 1249 ad
1066 1209 1284 1261 exemplar
1316 1211 1516 1249 orationis
1548 1223 1646 1250 suae
1679 1211 1838 1249 uiuere:

211 1282 309 1333 quid
363 1283 533 1330 mirum,
587 1295 681 1321 cum
731 1280 957 1333 loquantur
1004 1280 1148 1329 fortia,
1201 1282 1408 1333 ingentia,
1464 1281 1598 1320 omnis
1639 1280 1843 1320 humanas

210 1359 486 1405 tempestates
520 1353 767 1393 euadentia?
803 1366 895 1392 cum
929 1351 1104 1404 refigere
1135 1366 1181 1391 se
1213 1351 1401 1391 crucibus
1433 1358 1646 1399 conentur,
1677 1353 1718 1391 in
1740 1365 1843 1403 quas

212 1425 493 1476 unusquisque
526 1429 711 1464 uestrum
745 1423 887 1463 clauos
919 1436 1018 1462 suos
1049 1425 1139 1475 ipse
1167 1423 1309 1475 adigit.
1354 1423 1407 1462 ad
1429 1421 1678 1475 supplicium
1700 1429 1843 1462 tamen

211 1497 291 1535 acti
332 1494 545 1547 stipitibus
586 1494 756 1547 singulis
797 1495 1005 1546 pendent:
1052 1493 1115 1542 hi,
1158 1496 1228 1546 qui
1270 1495 1310 1533 in
1351 1507 1396 1532 se
1438 1495 1515 1545 ipsi
1554 1495 1738 1533 animum
1771 1493 1842 1532 ad-

157 1581 190 1606 20
211 1573 399 1614 uertunt,
442 1572 546 1618 quot
590 1566 884 1619 cupiditatibus
915 1571 980 1605 tot
1012 1566 1200 1605 crucibus
1232 1564 1536 1612 distrahuntur,
1579 1570 1621 1604 at
1653 1563 1845 1604 maledici

211 1644 252 1677 et
305 1637 344 1676 in
396 1637 572 1677 alienam
626 1636 924 1677 contumeliam
977 1637 1139 1676 uenusti
1190 1642 1296 1676 sunt,
1369 1637 1583 1676 crederem
1635 1635 1711 1674 illis
1763 1634 1844 1674 hoc

212 1722 370 1757 uacare,
403 1709 476 1748 nisi
507 1709 677 1761 quidam
711 1722 765 1748 ex
797 1708 985 1761 patibulo
1018 1721 1094 1747 suo
1126 1713 1386 1760 spectatores
1419 1712 1708 1759 conspuerent.

340 1780 435 1819 XX.
507 1780 604 1819 Non
663 1785 877 1832 praestant
935 1779 1175 1831 philosophi
1226 1789 1332 1831 quae
1385 1778 1591 1830 loquntur.
1665 1776 1842 1816 multum

212 1857 354 1890 tamen
386 1857 600 1903 praestant
632 1851 748 1903 quod
780 1850 1017 1902 loquuntur,
1050 1851 1166 1902 quod
1199 1849 1378 1890 honesta
1410 1855 1552 1889 mente
1581 1848 1840 1900 concipiunt:

158 1934 191 1959 25
212 1922 368 1961 utinam
400 1923 571 1974 quidem
608 1922 667 1974 [si]
703 1928 744 1961 et
775 1922 890 1973 paria
922 1922 1040 1961 dictis
1070 1924 1268 1974 agerent!
1305 1922 1404 1973 quid
1427 1928 1537 1960 esset
1559 1920 1634 1959 illis
1656 1919 1844 1959 beatius?

211 1992 373 2032 interim
406 2007 491 2032 non
524 1999 587 2032 est
619 1994 733 2045 quod
767 1999 1013 2032 contemnas
1045 1992 1159 2032 bona
1197 1992 1326 2032 uerba
1359 1998 1399 2031 et
1431 1992 1553 2031 bonis
1587 1989 1845 2043 cogitationi-

212 2064 289 2103 bus
331 2063 454 2117 plena
494 2065 751 2116 praecordia.
813 2064 1048 2104 studiorum
1087 2062 1326 2103 salutarium
1360 2063 1484 2102 etiam
1517 2063 1620 2102 citra
1651 2061 1846 2101 effectum

213 2228 229 2261 i
259 2229 465 2270 laudauilque
493 2228 709 2262 (lelm'l'oresz
739 2229 922 2269 laudabitq;
1041 2228 1059 2258 ἶ)
1087 2226 1316 2260 im1itincscz'0
1334 2226 1432 2271 quis:
1464 2227 1563 2257 inuidi
1685 2226 1722 2259 10
1741 2227 1847 2257 aliena

214 2298 337 2320 nerum
372 2297 448 2321 csse
474 2288 610 2332 nequit,
646 2287 849 2332 apposilum
878 2287 1069 2319 delictorum
1096 2287 1242 2318 omnium
1270 2285 1422 2329 requirit
1448 2296 1510 2316 una
1655 2285 1847 2326 exprobatio

213 2347 411 2377 delectorum
541 2347 571 2379 11
606 2348 705 2378 inuidi
734 2346 949 2380 deleriorav:
980 2347 1069 2377 inuiti
1195 2345 1234 2378 1¹2
1263 2345 1408 2376 audeatis
1436 2343 1562 2388 nulfmz
1593 2345 1730 2375 audiatis

221 2405 256 2438 15>
285 2411 427 2447 prestare
548 2417 629 2447 qnae
656 2407 794 2447 loquitur
813 2404 1029 2439 Pincianus:
1059 2405 1280 2447 queeloquitur
1299 2405 1380 2445 (uee,
1410 2408 1446 2437 nl
1465 2403 1618 2446 uidam,
1646 2403 1681 2436 in
1699 2403 1847 2443 rasura)

1833 2465 1842 2484 t

332 2501 488 2532 orationis
516 2498 733 2533 Pincianus:
764 2501 897 2531 rationis
1000 2498 1070 2547 '18
1103 2500 1205 2540 adigit
1233 2497 1417 2532 Maroelas:
1456 2499 1556 2529 adicit
1683 2496 1728 2530 20
1762 2497 1849 2539 quod

357 2564 389 2590 at
416 2558 489 2592 E1:
520 2564 572 2590 aut
741 2560 894 2591 maledici
921 2563 951 2591 et
978 2557 1095 2592 Kocle:
1126 2559 1310 2589 maledici*
1344 2558 1452 2597 (ra-su,
1475 2556 1638 2599 forlasse
1664 2556 1706 2592 et)

215 2621 258 2651 {32
286 2629 403 2649 uacare
429 2618 461 2650 in
491 2618 559 2652 dec.
587 2629 703 2652 cort-,z
733 2629 854 2660 uagare
996 2629 1053 2648 suo
1079 2614 1252 2660 Matlmys:
1289 2627 1363 2647 suos
1390 2614 1467 2648 cod.
1495 2619 1649 2648 ceterum
1678 2613 1850 2648 sententia

216 2677 261 2710 (le
294 2688 366 2721 qna
402 2676 563 2710 (lnbilanl
592 2676 742 2722 Mmlm‘ss
777 2683 809 2711 cc
840 2676 964 2718 Gertz,
1000 2675 1088 2710 haec
1114 2680 1183 2709 est:
1220 2675 1309 2719 ipsis
1335 2672 1555 2707 contumeliis
1581 2683 1672 2717 qenes
1699 2673 1732 2705 iu
1759 2671 1851 2706 alios

217 2736 426 2780 cffmednm,
461 2736 546 2769 milei
574 2737 683 2779 sidem
713 2736 880 2780 facerem
913 2722 978 2769 osii
1009 2741 1040 2769 (Τί
1067 2735 1181 2769 bomw
1203 2734 1396 2778 fortunae,
1430 2733 1500 2766 nise·
1524 2743 1572 2766 ea:
1597 2731 1759 2777 palibulo
1785 2742 1850 2765 suo

220 2800 442 2840 spectatores
469 2796 736 2840 conspm'nm'mn
764 2794 931 2840 (ἀτυφία
950 2793 1207 2838 refellerentur
1327 2793 1372 2826 ‘23
1400 2796 1540 2834 prestant
1660 2803 1722 2833 que
1739 2791 1851 2833 loquu-

220 2861 268 2887 tur
391 2855 436 2888 24
462 2859 603 2897 prestant
727 2854 770 2887 ¹25)
799 2856 919 2886 utinam
947 2855 1077 2896 quidem
1106 2853 1158 2896 [si]
1189 2851 1329 2886 Haase:
1360 2863 1435 2883 nam
1462 2853 1593 2893 quidem
1619 2852 1646 2882 si

1868 650 1888 682 (ὑ
