2008 3221
271 121 324 160 48
778 119 882 146 DIAL,
906 117 957 143 llI.
980 117 1032 141 DE
1054 117 1121 141 IRA
1145 117 1212 143 [AB.
1234 117 1255 143 1.
1277 120 1320 144 14.
1343 120 1385 143 15.

389 215 502 254 XIV.
546 215 643 253 Non
695 220 858 266 potest,
901 214 1053 266 inquit,
1096 213 1183 252 fieri
1218 212 1586 266 [Theophrastus],
1628 220 1673 253 ut
1711 229 1795 254 non
1840 216 1900 254 uir
1929 219 1945 251 1

270 286 404 325 bonus
446 286 641 324 irascatur
685 284 814 324 malis.
876 285 957 324 isto
1004 285 1135 323 modo
1180 299 1263 337 quo
1297 284 1441 324 melior
1472 286 1664 337 quisque,
1706 284 1789 325 hoc
1821 287 1896 325 ira-

271 357 443 395 cundior
481 357 581 394 erit:
628 356 723 394 uide
767 369 819 394 ne
862 361 1006 394 contra
1048 355 1249 407 placidior
1290 355 1533 407 solutusque
1574 356 1806 396 adfectibus
1848 358 1899 396 sit

271 436 311 467 et
345 428 407 466 cui
440 440 565 465 nemo
599 426 696 465 odio
728 427 790 467 sit.
853 427 1063 478 peccantis
1096 440 1196 466 uero
1229 427 1328 479 quid
1359 426 1488 466 habet
1520 441 1590 466 cur
1623 427 1770 474 oderit,
1804 441 1899 467 cum
1926 429 1948 462 2

235 514 248 534 .·-
271 512 384 537 error
415 497 505 536 illos
537 498 576 536 in
609 498 814 536 eiusmodi
847 497 998 536 delicta
1030 496 1264 550 conpellat?
1304 511 1387 536 non
1420 503 1483 537 est
1514 504 1654 538 autem
1686 498 1901 550 prudentis

220 862 247 885 10

211 1580 244 1602 2«)

210 2284 242 2304 :zu

270 562 440 607 errantis
483 568 646 615 odisse;
694 568 846 620 alioqui
888 569 977 620 ipse
1020 568 1097 607 sibi
1140 568 1237 608 odio
1271 568 1358 608 erit.
1421 569 1579 620 cogitet
1610 583 1736 622 quam
1770 569 1901 609 multa

269 644 414 678 contra
437 639 596 677 bonum
621 653 782 678 morem
806 638 937 686 faciat,
971 653 1096 691 quam
1121 638 1252 678 multa
1285 652 1339 678 ex
1371 638 1434 678 his
1466 653 1572 692 quae
1605 641 1702 691 egit,
1734 641 1899 679 ueniam

269 710 528 749 desiderent:
585 710 666 748 iam
719 710 916 749 irascetur
960 710 1085 748 etiam
1128 710 1215 750 sibi.
1278 723 1413 762 neque
1456 711 1564 749 enim
1607 723 1730 749 aecus
1771 710 1899 750 iudex

265 780 388 835 aliam
431 781 486 819 de
529 795 622 828 sua,
677 780 798 819 aliam
853 781 906 819 de
960 780 1092 820 aliena
1143 794 1266 820 causa
1308 781 1556 820 sententiam
1608 780 1696 820 fert.
1760 794 1899 829 nemo,

268 852 447 903 inquam,
481 851 712 890 inuenietur
744 852 812 903 qui
844 865 889 890 se
921 852 1053 904 possit
1086 851 1315 891 absoluere.
1367 857 1407 890 et
1430 852 1695 891 innocentem
1729 852 1901 904 quisque

267 936 311 961 se
355 922 451 960 dicit
495 923 716 991 lespiciens
759 928 933 970 testem,
977 937 1061 962 non
1104 923 1413 963 conscientiam.
1482 928 1640 974 quanto
1683 921 1901 962 humanius

268 994 411 1032 mitem
454 999 495 1032 et
545 970 725 1045 patrium
779 994 963 1032 animum
1017 999 1231 1045 praestare
1284 993 1554 1046 peccantibus
1599 998 1639 1032 et
1682 992 1773 1033 illos
1815 1007 1901 1032 non

265 1064 467 1115 persequi,
501 1064 576 1103 sed
611 1067 832 1104 reuocare!
871 1070 1078 1104 errantem
1110 1078 1184 1117 per
1207 1078 1332 1116 agros
1364 1065 1604 1116 ignorantia
1631 1064 1721 1103 uiae
1755 1063 1900 1104 melius

266 1141 327 1173 est
361 1135 414 1173 ad
447 1141 608 1174 rectum
640 1136 717 1175 iter
750 1136 979 1175 admouere
1012 1149 1137 1188 quam
1172 1135 1395 1189 expellere.

384 1205 480 1245 XV.
515 1205 798 1258 Corrigendus
831 1213 893 1245 est
932 1208 1092 1259 itaque,
1136 1208 1204 1260 qui
1235 1213 1402 1271 peccat,
1447 1212 1487 1246 et
1529 1206 1814 1275 admonitione
1858 1211 1899 1245 et

268 1278 315 1323 ui,
349 1282 389 1315 et
423 1276 602 1316 molliter
635 1283 676 1316 et
709 1291 876 1330 aspere,
918 1277 1147 1330 meliorque
1178 1284 1267 1317 tam
1300 1254 1377 1317 sibi
1409 1291 1534 1330 quam
1562 1258 1657 1317 Elii?
1686 1277 1899 1316 faciendus

264 1361 349 1386 non
382 1348 468 1386 sine
501 1348 795 1399 castigatione,
839 1350 915 1388 sed
958 1350 1044 1388 sine
1085 1349 1153 1388 ira
1217 1349 1306 1401 quis
1350 1349 1458 1388 enim
1503 1349 1565 1388 cui
1598 1349 1790 1387 medetur
1821 1348 1897 1387 ira-

265 1420 416 1458 scitur?
461 1425 502 1457 at
546 1419 695 1471 corrigi
738 1425 948 1472 nequeunt
991 1419 1171 1471 nihilque
1214 1420 1253 1458 in
1295 1418 1370 1459 illis
1412 1419 1505 1458 lene
1538 1425 1608 1458 aut
1640 1419 1728 1471 spei
1760 1418 1900 1458 bonae

266 1504 401 1542 capax
454 1496 541 1529 est:
604 1489 802 1530 tollantur
854 1504 877 1529 e
930 1496 1052 1529 coetu
1107 1490 1346 1529 mortalium
1399 1489 1543 1529 facturi
1595 1490 1740 1542 peiora
1792 1502 1899 1542 quae

266 1562 527 1613 contingunt,
571 1567 611 1600 et
653 1575 737 1613 quo
781 1575 863 1600 uno
907 1562 1037 1600 modo
1077 1567 1253 1614 possunt
1297 1562 1487 1600 desinant
1531 1560 1627 1600 mali
1671 1574 1779 1609 esse,
1823 1561 1899 1599 sed

264 1632 345 1671 hoc
377 1633 463 1671 sine
497 1632 608 1673 odio.
669 1632 765 1684 quid
800 1633 910 1672 enim
944 1639 1024 1681 est,
1058 1622 1128 1672 cur
1160 1633 1322 1672 oderim
1356 1646 1463 1679 eum,
1496 1633 1558 1671 cui
1591 1638 1680 1671 tum
1714 1632 1901 1671 maxime

263 1717 445 1755 prosum,
479 1717 573 1742 cum
607 1703 719 1742 illum
753 1703 828 1742 sibi
861 1704 1016 1755 eripio?
1071 1717 1170 1743 num
1213 1704 1303 1755 quis
1338 1703 1529 1742 membra
1560 1716 1634 1742 sua
1666 1708 1764 1742 tunc
1797 1703 1900 1750 odit,

264 1787 357 1812 cum
391 1774 593 1813 abscidit?
646 1788 730 1813 non
774 1781 837 1814 est
869 1774 935 1813 illa
966 1776 1045 1822 ira,
1088 1775 1164 1814 sed
1207 1775 1357 1813 misera
1399 1774 1568 1813 curatio.
1631 1773 1801 1813 rabidos
1842 1773 1898 1813 ef-

265 1844 442 1896 fligimus
486 1858 609 1884 canes
653 1851 694 1884 et
737 1851 897 1885 trucem
940 1851 1065 1898 atque
1119 1846 1426 1885 immansuetum
1469 1844 1625 1884 bouem
1671 1845 1900 1884 occidimus

231 1921 305 1954 aet
348 1916 549 1955 morbidis
592 1916 835 1968 pecoribus,
878 1930 930 1955 ne
972 1930 1146 1968 gregem
1180 1916 1391 1968 polluant,
1436 1915 1586 1955 ferrum
1632 1915 1898 1956 demittimus.

264 1993 533 2038 portentosos
557 1986 661 2026 fetus
685 1988 978 2039 extinguimus,
1011 1987 1164 2026 liberos
1186 2001 1366 2040 quoque,
1398 1987 1429 2026 si
1460 1985 1620 2025 debiles
1653 1988 1896 2027 monstrosi-

263 2071 343 2108 que
376 2057 473 2095 editi
506 2064 623 2105 sunt,
668 2058 906 2109 mergimus.
968 2072 1045 2097 nec
1077 2059 1157 2106 ira,
1204 2059 1279 2097 sed
1313 2059 1417 2097 ratio
1451 2065 1514 2097 est
1546 2070 1570 2096 a
1601 2057 1710 2096 sanis
1744 2058 1899 2098 inutilia

263 2141 488 2167 secernere.
549 2128 602 2167 nil
636 2130 769 2167 minus
801 2142 927 2181 quam
960 2129 1076 2169 irasci
1108 2130 1349 2194 punientem
1384 2129 1517 2175 decet,
1551 2141 1645 2166 cum
1678 2142 1729 2167 eo
1763 2129 1897 2182 magis

263 2199 316 2236 ad
360 2200 698 2238 emendationem
742 2213 880 2252 poena
924 2200 1132 2252 proficiat,
1182 2200 1213 2240 si
1255 2200 1404 2275 iudicio
1447 2198 1530 2238 lata
1575 2204 1637 2238 est
1679 2200 1896 2239 sententia.

264 2268 357 2307 inde
401 2275 483 2316 cst,
527 2272 641 2321 quod
675 2271 872 2310 socrates
905 2285 1026 2310 seruo
1070 2272 1150 2310 ait:
1198 2249 1427 2310 effec‘leren's
1463 2276 1526 2319 te,
1571 2269 1644 2308 nisi
1690 2271 1896 2311 irascerer

263 2340 594 2379 admonitionem
639 2342 744 2380 serui
790 2342 829 2380 in
873 2349 1038 2394 tempus
1091 2343 1245 2415 sapiu&¹
1273 2341 1449 2389 distulit,
1502 2342 1569 2381 illo
1616 2348 1808 2394 tempore
1851 2355 1896 2381 se

262 2411 503 2449 admonuit:
552 2413 663 2451 cuius
706 2413 781 2452 erit
841 2413 941 2463 taml
997 2418 1253 2465 temperatus
1297 2411 1501 2460 adfectus,
1556 2427 1649 2452 cum
1693 2411 1894 2452 Socrates

262 2494 345 2518 non
379 2481 428 2519 sit
462 2495 582 2519 ausus
616 2497 660 2521 se
694 2484 775 2522 irae
809 2484 1100 2522 committeie?

267 2620 278 2652 1
310 2621 388 2661 inqu
494 2626 671 2661 teoprasius
779 2621 913 2656 Nomen
941 2623 1059 2655 omisit
1092 2621 1281 2655 'l'arnlsina
1385 2624 1404 2654 Ξῖ
1433 2623 1575 2658 assectib;
1683 2623 1722 2654 sit
1750 2621 1894 2657 addidit

635 2676 650 2691 11

265 2700 370 2734 Ges-t:
494 2701 509 2733 >i
541 2705 682 2743 peccatis
818 2707 838 2733 b·
865 2715 939 2745 ecus
966 2706 1030 2746 (ι’-ι’
1056 2717 1072 2736 e
1095 2703 1234 2748 filetum
1262 2709 1316 2738 esc
1342 2706 1375 2746 q)
1502 2705 1541 2738 12
1569 2709 1710 2747 slpseq÷÷
1848 2705 1888 2739 24

261 2785 339 2825 ffli⁴l3
449 2784 491 2816 L'ti
520 2785 643 2824 debiles
742 2766 936 2828 monstrosilz
969 2793 990 2828 (ql
1015 2786 1103 2830 fort.
1133 2798 1176 2820 m.
1199 2786 1273 2831 pr.)
1373 2788 1415 2819 211
1442 2787 1521 2830 lata]
1550 2789 1698 2829 inrogata
1728 2786 1890 2831 llladqu,

261 2844 359 2874 inlata
381 2842 487 2875 Gerl:
574 2845 730 2874 sententia
757 2843 898 2877 addam
928 2844 1027 2878 ln'ocll
1122 2848 1164 2878 :32
1194 2851 1258 2877 tam
1286 2856 1353 2881 om.
1384 2844 1446 2888 ΕΙ,
1474 2847 1538 2877 iam
1570 2846 1676 2879 Get-c:
1762 2848 1892 2878 affectus

1927 784 1947 817 3

1930 1208 1946 1241 1

1929 1639 1949 1671 2
