2008 3221
196 852 225 877 10

199 1207 227 1232 15

197 1561 229 1586 20

249 115 330 153 152
534 107 639 134 DlAL.
661 107 709 133 Vl.
747 105 803 131 AD
824 105 1013 131 MARClAM
1035 104 1087 129 DE
1108 102 1429 130 CONSOLATIONE.
1467 103 1511 129 24.
1532 103 1575 129 25.

245 208 384 247 nititur
416 205 506 253 illo,
539 203 647 243 unde
681 203 885 242 demissus
918 207 990 240 est.
1054 200 1107 239 ibi
1140 199 1251 239 illum
1284 205 1452 239 aeterna
1484 199 1644 251 requies
1678 204 1818 238 manet
1850 212 1873 238 c

246 277 423 317 confusis
456 276 684 325 crassisque
715 287 818 325 pura
850 278 891 312 ct
922 271 1075 324 liquida
1107 271 1319 310 uisentem.

364 345 501 386 XXV.
564 344 744 392 Proinde
786 357 869 382 non
912 348 974 382 est
1016 342 1131 394 quod
1174 342 1228 381 ad
1266 341 1500 394 sepulcrum
1534 340 1587 380 fili
1618 341 1676 380 tui
1709 353 1869 380 curras:

245 418 426 472 pessima
458 417 543 455 eius
576 421 619 454 et
649 415 724 467 ipsi
757 413 1050 453 molestissima
1082 413 1170 452 istic
1202 412 1346 460 iacent,
1380 425 1476 451 ossa
1506 412 1758 464 cineresque,
1790 424 1875 450 non

246 490 378 540 magis
430 486 533 526 illius
584 490 725 538 partes
775 498 902 537 quarn
955 489 1093 523 uestes
1146 483 1306 534 aliaque
1357 483 1589 534 tegimenta
1639 495 1876 534 corporum.

244 562 404 611 integer
446 557 511 596 ille
551 556 732 608 nihilque
764 556 803 594 in
835 555 952 594 terris
984 554 1217 606 relinquens
1249 554 1310 593 sui
1342 552 1445 604 fugit
1478 558 1519 592 et
1550 558 1664 592 totus
1697 553 1877 592 excessit

246 629 498 684 paulumque
540 641 665 680 supra
703 640 780 666 nos
813 632 1120 673 commoratus,
1166 626 1266 664 dum
1300 630 1559 677 expurgatur
1591 629 1632 663 et
1664 622 1876 662 inhaeren-

245 702 302 740 tia
334 700 430 740 uitia
462 699 669 750 situmque
703 711 874 737 omnem
908 696 1094 736 mortalis
1128 696 1218 735 aeui
1250 696 1419 743 excutit,
1452 695 1604 734 deinde
1634 695 1687 734 ad
1710 693 1878 734 excelsa

245 771 431 812 sublatus
480 770 584 809 inter
627 767 764 808 felices
807 768 931 807 currit
972 767 1154 806 animas:
1210 766 1364 818 excipit
1407 765 1520 804 illum
1563 771 1707 804 coetus
1749 778 1876 813 sacer,

246 841 462 894 Scipiones
486 840 762 891 Catonesque,
795 839 983 891 interque
1014 843 1330 890 contemptores
1362 837 1471 875 uitae
1503 841 1544 875 et
1577 836 1724 874 mortis
1751 835 1876 875 bene-

246 913 338 953 ficio
371 912 523 951 liberos
556 923 705 963 parens
739 916 843 958 tuus,
876 909 1043 957 Marcia,
1079 908 1183 960 [illic]
1218 914 1418 960 nepotem
1450 920 1588 955 suum,
1621 920 1877 960 quamquam

246 984 324 1023 illic
356 982 551 1022 omnibus
585 994 711 1021 omne
744 986 973 1032 cognatum
1007 985 1082 1028 est,
1115 979 1295 1031 adplicat
1327 978 1404 1018 sibi
1435 992 1546 1017 noua
1577 977 1668 1017 luce
1691 978 1875 1030 gauden-

247 1061 332 1094 tem
377 1059 417 1093 et
459 1053 685 1092 uicinorum
728 1052 911 1091 siderum
953 1056 1115 1090 meatus
1148 1051 1295 1098 docet,
1338 1063 1414 1089 nec
1448 1062 1502 1088 ex
1535 1049 1771 1088 coniectura
1802 1049 1878 1088 sed

248 1126 433 1165 omnium
477 1138 531 1164 cx
574 1137 673 1163 uero
716 1123 870 1176 peritus
909 1123 948 1162 in
987 1135 1137 1162 arcana
1178 1126 1350 1160 naturae
1392 1120 1523 1160 libens
1568 1120 1689 1160 ducit.
1753 1126 1879 1172 utque

247 1198 485 1249 ignotarum
540 1195 700 1234 urbium
747 1199 1004 1234 monstrator
1046 1192 1199 1245 hospiti
1240 1198 1383 1244 gratus
1425 1198 1510 1239 est,
1562 1191 1619 1230 ita
1659 1190 1881 1230 sciscitanti

249 1266 489 1308 caelestium
533 1279 676 1305 causas
719 1265 974 1304 domesticus
1017 1265 1228 1316 interpres.
1293 1270 1334 1302 et
1365 1263 1404 1302 in
1436 1261 1644 1314 profunda
1675 1267 1879 1300 terrarum

248 1339 491 1391 permittere
533 1337 664 1376 aciem
697 1336 838 1385 sumt,
882 1336 994 1374 iuuat
1027 1335 1135 1374 enim
1169 1347 1224 1373 ex
1257 1333 1342 1373 alto
1375 1333 1516 1373 relicta
1548 1333 1762 1385 respicere.
1824 1332 1882 1371 sic

248 1410 387 1461 itaque
420 1416 481 1456 te,
516 1408 692 1456 Marcia,
731 1421 851 1459 gere,
883 1413 1101 1458 tamquam
1134 1405 1212 1445 sub
1246 1405 1374 1445 oculis
1406 1404 1533 1457 patris
1564 1403 1702 1456 filique
1733 1403 1881 1456 posita,

249 1494 333 1520 non
376 1480 537 1520 illorum
581 1492 686 1531 quos
729 1491 927 1526 noueras,
971 1478 1046 1517 sed
1087 1482 1205 1516 tanto
1250 1475 1527 1515 excelsiorum
1570 1475 1682 1514 etin
1714 1487 1880 1513 summo

250 1551 495 1591 locatorum.
540 1550 738 1590 erubesce
761 1550 984 1602 quicquam
1007 1548 1161 1588 humile
1184 1553 1254 1586 aut
1277 1546 1448 1599 uolgare
1458 1547 1610 1597 facere
1633 1551 1674 1584 et
1697 1550 1882 1585 mutatos

250 1623 289 1661 in
332 1621 476 1662 melius
516 1628 610 1660 tuos
644 1620 753 1660 flere.
816 1621 855 1660 in
888 1626 1058 1659 aeterna
1091 1633 1227 1659 rerum
1260 1632 1333 1671 per
1365 1617 1494 1657 libera
1526 1623 1568 1656 et
1600 1622 1718 1656 uasta
1748 1616 1883 1668 spatia

252 1693 444 1733 dimissos
478 1706 562 1731 non
595 1691 686 1731 illos
719 1690 915 1730 interfusa
948 1690 1077 1730 maria
1109 1689 1346 1729 discludunt
1378 1702 1455 1728 nec
1477 1687 1652 1728 altitudo
1677 1688 1880 1727 montium

259 1859 266 1891 l
300 1858 457 1889 demissus
484 1855 655 1901 Madm'q:
686 1856 853 1887 dimissum
977 1866 993 1886 e
1019 1854 1159 1886 confusis
1185 1855 1363 1895 crassisque
1389 1851 1472 1887 olim
1499 1856 1719 1886 correctum:
1749 1855 1778 1882 et
1805 1861 1882 1882 con-

255 1919 331 1949 fusis
365 1918 517 1958 grassisq3
667 1916 686 1949 6
722 1916 903 1956 relinquens
938 1915 984 1945 sui
1020 1913 1163 1947 Haase:
1203 1913 1382 1955 relinquens
1416 1914 1464 1944 uis
1614 1911 1627 1945 ἶ
1662 1914 1883 1942 commoratus

254 1975 474 2010 deteriores:
505 1979 725 2007 commoratur
855 1973 1033 2005 inherentia
1162 1972 1182 2006 8
1209 1984 1340 2004 omnem
1370 1971 1588 2006 deteriores:
1618 1971 1764 2002 omnium

253 2036 273 2070 9
300 2036 481 2077 excipitque
516 2033 648 2079 Neap.:
680 2034 803 2075 excepit
967 2032 1002 2064 10
1030 2035 1059 2063 et
1086 2033 1198 2063 mortis
1224 2032 1385 2063 beneficio
1420 2029 1495 2065 El:
1526 2034 1555 2062 et
1580 2030 1741 2062 beneficio

258 2119 293 2152 ll
336 2102 400 2149 illic
435 2115 534 2157 cod.,
571 2115 702 2150 deleuit
738 2114 836 2150 Koch
863 2119 1020 2160 propter
1053 2115 1240 2159 sequentia
1273 2125 1470 2157 quamquam
1504 2114 1570 2145 illie
1602 2113 1753 2145 omnibus
1787 2121 1885 2143 omne

255 2181 429 2219 cognatum
459 2183 522 2216 est,
558 2176 593 2209 in
621 2173 870 2209 constituendo
897 2179 969 2208 tolo
995 2174 1176 2209 enuntiato
1204 2173 1427 2218 Maduc'yium
1454 2176 1616 2211 seculus,
1653 2172 1705 2203 ille
1732 2168 1884 2214 Maduz'q

380 2242 421 2275 ⁴1:⁷3
450 2243 505 2272 sed
534 2230 554 2287 {l
581 2242 725 2273 omnium
843 2240 881 2274 15
908 2244 1105 2272 monstrator
1134 2238 1260 2273 Curio:
1290 2242 1486 2270 monstratus
1610 2238 1650 2270 lii
1677 2237 1758 2267 inter
1784 2247 1883 2278 pres*

378 2306 413 2340 l'i
444 2307 629 2348 permittere
663 2307 765 2337 aciem
795 2307 899 2345 iuuat,
934 2306 1020 2336 iuuat
1046 2303 1145 2339 Koch
1174 2305 1293 2346 (iuuat,
1329 2304 1467 2335 delectat
1494 2300 1672 2344 Muretus)
1700 2302 1884 2343 permittent

255 2403 378 2441 aciem,
407 2403 491 2432 iuuat
522 2401 649 2434 Gertz:
685 2401 832 2441 pmittere
859 2400 1079 2431 acienviuuat
1238 2398 1278 2430 'lo'
1307 2380 1413 2440 filique
1575 2397 1609 2428 111
1638 2396 1874 2427 excelsiorum-:3-

259 2486 309 2516 vin
336 2496 463 2515 summo
490 2465 643 2517 locans-l,
791 2485 834 2516 2⁴)
868 2483 1022 2514 erubesce
1056 2480 1272 2514 deteriores:
1309 2481 1451 2511 erubesci
1596 2479 1749 2510 humilem
1786 2479 1885 2519 (ras.,

253 2544 415 2586 sortasse
443 2552 488 2576 m>
621 2543 727 2573 facere
754 2541 897 2575 addidit
924 2540 1046 2574 Haase
1182 2540 1219 2573 21
1253 2541 1497 2573 flereeterna*
1525 2540 1625 2579 (raa,
1650 2536 1812 2580 fortasse
1837 2538 1884 2579 m)

257 2614 359 2634 rerum
388 2613 444 2644 per
472 2604 572 2633 libera
585 2614 603 2633 ἦε
632 2607 729 2641 (ras.,
752 2601 914 2644 sorlasse
940 2601 986 2642 m)
1014 2605 1044 2632 et
1072 2600 1299 2641 uasta.spalia
1326 2599 1462 2629 dimissi.
1492 2598 1582 2634 (flere
1604 2596 1638 2629 in
1659 2596 1732 2639 fine
1758 2606 1886 2630 uersus

256 2669 288 2696 cc
316 2661 442 2695 charla
470 2659 682 2706 splemle'slcc3
714 2660 757 2694 (lc
785 2659 901 2694 deleta
921 2670 1007 2693 uoce
1026 2661 1055 2690 in
1075 2657 1163 2692 Ilale'
1175 2667 1331 2703 prorsus
1349 2656 1633 2698 sonmiauereml)
1653 2655 1730 2690 cml.
1752 2657 1884 2688 fler-estu

257 2730 387 2753 aeterna
414 2732 518 2752 rerum
547 2732 602 2762 per
630 2721 730 2751 libera
750 2725 779 2751 et
799 2724 888 2751 uasta
907 2720 1011 2760 spatia
1031 2719 1181 2749 dimissos
1201 2715 1319 2761 Νηίῳ),
1347 2716 1382 2749 in
1401 2726 1471 2760 qua
1490 2714 1639 2749 lectione
1656 2714 1886 2759 acquiescere

256 2780 365 2815 licere
389 2784 497 2825 palm
535 2790 579 2813 ue
613 2778 693 2823 (luis
727 2778 817 2812 enim
852 2777 1005 2812 com‘cl'al
1041 2779 1125 2810 llere.
1161 2781 1361 2808 aeternarum
1397 2786 1500 2806 rerum
1527 2785 1583 2816 per
1610 2775 1713 2806 libera
1740 2778 1768 2805 et
1796 2777 1884 2804 uasta

257 2841 360 2882 spatia
388 2838 506 2873 obstac
533 2837 731 2871 conlocatio
755 2836 1037 2881 praepositionis
1063 2847 1084 2869 a
1113 2833 1260 2877 Seneca,
1289 2837 1459 2878 (sumnum
1487 2832 1572 2874 scio,
1599 2831 1719 2867 aliena

1902 351 1918 384 l

1904 915 1923 949 10
