1977 3231
606 155 710 182 DIAL.
733 156 769 184 11.
810 157 863 182 DE
884 157 952 183 IRA
974 159 1045 186 Llss.
1068 159 1106 187 11.
1144 161 1187 188 31.
1211 162 1254 189 32.
1686 169 1739 208 79

116 249 396 301 turpissimam
449 251 585 290 aiebat
628 251 781 293 Fabius
833 254 1072 306 imperatori
1117 259 1429 298 excusationem
1483 273 1597 300 esse:
1656 275 1740 302 non

116 319 268 372 putaui.
330 333 412 372 ego
455 322 736 374 turpissimam
789 323 946 364 homini
997 333 1112 378 puto.
1175 329 1315 368 omnia
1366 336 1478 382 puta,
1531 338 1734 384 expecta:

70 419 82 429 2
116 390 241 429 etiam
283 390 322 429 in
373 390 494 430 bonis
547 392 732 433 moribus
773 393 927 447 aliquid
968 397 1122 437 existet
1174 399 1368 452 asperius.
1428 400 1505 441 fert
1557 401 1740 442 humana

114 466 262 500 natura
292 461 511 502 insidiosos
544 463 726 513 animos,
767 464 844 504 fert
885 466 1092 518 ingratos,
1136 467 1215 508 fert
1247 471 1441 523 cupidos,
1484 471 1561 511 fert
1593 473 1737 525 inpios.

114 543 209 569 cum
242 531 295 569 de
328 531 444 571 unius
476 533 662 573 moribus
695 535 905 584 iudicabis,
939 537 992 576 de
1023 537 1196 590 publicis
1238 541 1389 592 cogita.
1451 541 1520 581 ubi
1553 544 1738 583 maxime

112 601 326 652 gaudebiS,
359 603 545 643 maxime
577 611 728 645 metue,
790 606 860 645 ubi
891 608 1109 660 tranquilla
1152 610 1225 649 tibi
1258 611 1399 651 omnia
1429 613 1642 662 uidentur,
1683 614 1737 653 ibi

111 671 298 711 nocitura
329 686 415 713 non
447 674 597 714 desunt
627 677 703 715 sed
734 677 961 729 quiescunt.
1022 692 1188 732 semper
1224 680 1405 721 futurum
1438 682 1589 736 aliquid
1621 685 1737 737 quod

110 748 152 782 te
184 742 373 783 offendat
405 745 608 785 existima.
671 746 929 798 gubernator
971 763 1199 802 numquam
1238 752 1294 791 ita
1331 759 1445 792 totos
1477 754 1587 793 sinus
1620 768 1734 794 secu-

109 827 179 852 rus
231 813 451 866 explicuit,
492 813 549 855 'ut
600 830 686 857 non
738 818 936 870 expedite
987 821 1040 859 ad
1094 822 1426 862 contrahendum
1478 832 1738 865 armamenta

62 894 83 929 6
110 883 360 935 disponeret.
423 885 520 925 illud
552 893 649 926 ante
681 889 822 927 omnia
854 889 1014 941 cogita,
1057 890 1226 931 foedam
1259 907 1350 933 esse
1382 900 1424 934 et
1456 895 1735 936 execrabilem

108 954 191 993 uim
223 956 402 996 nocendi
444 962 486 996 et
528 957 818 998 alienissimam
861 959 1039 1010 homini,
1073 962 1185 1002 cuius
1217 963 1421 1004 beneficio
1455 966 1579 1005 etiam
1612 980 1737 1007 saeua

107 1033 411 1067 mansuescunt.
474 1029 643 1080 adspice
676 1035 888 1070 taurorum
930 1032 1028 1084 iugo
1062 1033 1168 1073 colla
1209 1034 1414 1075 submissa
1456 1043 1497 1076 et
1540 1037 1733 1090 elephan-

106 1099 248 1149 torum
278 1096 413 1148 pueris
444 1098 597 1150 pariter
628 1113 676 1139 ac
708 1099 868 1140 feminis
889 1102 1211 1154 persultantibus
1243 1110 1363 1157 terga
1394 1107 1545 1159 inpune
1578 1109 1736 1150 calcata

106 1171 148 1205 et
179 1167 361 1219 repentis
393 1167 499 1208 inter
529 1169 681 1222 pocula
721 1171 916 1224 sinusque
958 1173 1130 1214 innoxio
1168 1174 1286 1228 lapsu
1319 1177 1523 1218 dracones
1557 1185 1598 1218 et
1630 1181 1735 1220 intra

104 1235 280 1276 domum
312 1251 503 1278 ursorum
535 1239 789 1294 leonumque
821 1256 895 1282 ora
935 1243 1098 1295 placida
1136 1247 1408 1286 tractantibus
1447 1248 1734 1302 adulantisque

74 1325 76 1329 ’
106 1307 324 1348 (1011111111111
358 1308 490 1349 feras:
525 1311 701 1363 pudebit
723 1326 817 1351 011111
846 1313 1091 1354 animalibus
1123 1323 1385 1368 permutasse
1406 1333 1556 1360 mores.
1620 1321 1733 1361 nefas

104 1383 167 1417 est
198 1392 351 1418 nocere
391 1381 576 1432 patriae:
623 1396 725 1435 ergo
758 1383 834 1422 ciui
866 1398 1053 1438 quoque,
1096 1400 1194 1426 narn
1235 1387 1302 1427 hic
1332 1403 1428 1442 pars
1459 1390 1618 1444 patriae
1659 1399 1732 1432 est.

102 1454 271 1488 sanctae
301 1456 442 1502 partes
473 1458 578 1500 sunt,
611 1452 644 1492 si
676 1454 911 1494 uniuersum
950 1457 1188 1497 uenerabile
1220 1465 1293 1499 est.
1356 1474 1459 1513 ergo
1491 1467 1533 1501 et
1564 1462 1733 1510 homini,

102 1530 200 1557 nam
242 1519 308 1559 hic
349 1520 389 1559 in
441 1522 599 1562 maiore
647 1523 720 1562 tibi
761 1525 865 1564 urbe
907 1525 1004 1565 ciuis
1047 1534 1119 1567 est.
1183 1530 1281 1581 quid
1323 1530 1355 1569 si
1406 1545 1560 1572 nocere
1607 1533 1733 1572 uelint

101 1601 247 1629 manus
297 1590 502 1642 pedibus?
566 1594 757 1634 manibus
810 1595 943 1636 oculi?
997 1603 1041 1636 ut
1098 1600 1239 1638 omnia
1289 1601 1394 1640 inter
1444 1616 1488 1642 se
1541 1604 1731 1644 membra

98 1660 372 1708 consentiunt,
405 1663 501 1714 quia
532 1663 693 1715 singula
714 1667 868 1705 seruari
891 1668 1017 1707 totius
1049 1669 1229 1719 interest,
1261 1671 1318 1710 ita
1340 1671 1531 1713 homines
1562 1674 1730 1726 singulis

96 1735 281 1781 parcent,
323 1732 418 1783 quia
460 1733 515 1772 ad
547 1741 716 1774 coetum
748 1737 875 1787 geniti
913 1744 1019 1778 sunt.
1080 1739 1195 1779 salua
1237 1748 1377 1781 autem
1421 1757 1511 1783 esse
1552 1746 1730 1785 societas

50 1799 174 1845 <[11151
216 1802 406 1841 custodia
448 1809 490 1842 et
531 1817 676 1844 amore
718 1807 896 1859 partium
939 1823 1023 1849 non
1055 1816 1209 1863 potest.
1271 1826 1323 1851 ne
1364 1814 1526 1867 uiperas
1557 1816 1728 1867 quidem

98 1875 140 1909 et
181 1871 369 1920 natrices⁷
411 1880 453 1913 et
494 1875 526 1913 si
557 1888 640 1927 qua
682 1890 823 1917 morsu
855 1885 926 1918 aut
957 1880 1040 1920 ictu
1072 1887 1246 1931 nocent,
1289 1882 1578 1936 effligeremus,
1620 1887 1728 1926 51111

98 1940 253 1994 reliqua
284 1943 596 1985 mansuefacere
617 1961 837 1999 possemus
860 1955 930 1989 aut
952 1949 1126 2000 efficere,
1159 1966 1212 1992 ne
1233 1953 1353 1993 nobis
1382 1954 1522 1995 aliisue
1542 1956 1725 2008 periculo
1747 1968 1760 1991 2

95 2019 243 2052 essent.
307 2027 409 2066 ergo
441 2029 494 2055 ne
525 2015 682 2057 homini
713 2019 883 2070 quidem
916 2021 1172 2071 nocebimus,
1209 2024 1305 2076 quia
1335 2026 1535 2076 peccauit,
1566 2027 1642 2066 sed
1674 2040 1725 2066 ne

94 2088 252 2133 peccet,
280 2098 358 2124 nec
379 2099 579 2138 umquam
601 2089 656 2127 ad
677 2090 957 2141 praeteritum,
981 2094 1054 2131 sed
1076 2093 1130 2132 ad
1154 2092 1333 2134 futurum
1356 2108 1493 2147 poena
1515 2096 1723 2137 referetur.

92 2165 176 2191 non
219 2155 327 2193 enim
359 2155 556 2205 irascitur,
587 2159 663 2198 sed
696 2166 826 2199 cauet.
889 2175 986 2201 nam
1029 2163 1061 2203 si
1103 2164 1335 2215 puniendus
1383 2172 1446 2205 est
1479 2168 1723 2220 cuicumque

94 2235 267 2275 prauum
311 2225 628 2280 maleficumque
660 2229 869 2281 ingenium
902 2238 976 2280 est,
1008 2246 1146 2285 poena
1178 2236 1388 2275 neminem
1421 2237 1612 2290 excipiet.

211 2295 388 2335 XXXII.
451 2297 513 2337 At
556 2299 666 2338 enim
708 2300 766 2339 ira
813 2300 942 2342 habet
983 2303 1163 2356 aliquam
1213 2304 1473 2358 uoluptatem
1516 2314 1558 2347 et
1600 2308 1755 2349 (11110οῑ1

93 2369 156 2403 051
178 2364 370 2406 dolorem
393 2368 580 2409 reddere.
644 2371 832 2411 minime:
870 2386 954 2412 non
987 2375 1097 2413 enim
1127 2376 1232 2414 111111
1264 2376 1473 2417 beneficiis
1494 2376 1718 2419 honestum

93 2440 156 2474 est
188 2437 336 2476 merita
367 2439 523 2478 meritis
554 2453 796 2492 repensare,
840 2443 895 2481 ita
938 2443 1098 2484 iniurias
1131 2445 1290 2485 iniuriis.
1352 2447 1431 2487 illic
1463 2449 1567 2488 uinci
1599 2455 1718 2502 turpe

91 2553 110 2583 25
139 2552 266 2584 exsistet
387 2554 404 2586 *i
435 2556 553 2597 impios
675 2560 694 2589 ii
721 2565 825 2590 metue
855 2559 979 2592 Gerlz:
1010 2566 1130 2592 metues
1248 2562 1288 2595 is)
1315 2564 1424 2603 sedam
1542 2565 1581 2597 Γ.)
1609 2566 1718 2606 aspice

224 2615 389 2644 taurorum
416 2612 559 2648 Haase:
589 2616 834 2658 elephantorum
981 2621 1152 2651 summissa
1297 2622 1541 2663 elephantorum
1570 2623 1713 2657 Haase:

90 2672 253 2701 taurorum
386 2671 425 2705 13
454 2675 591 2714 persul*
608 2676 729 2712 tantib3
854 2677 984 2718 impune
1114 2679 1148 2710 15
1176 2679 1317 2721 leonfiq5
1348 2680 1400 2723 (q;
1430 2680 1465 2714 in
1492 2682 1580 2723 rccS.)

90 2727 134 2760 22
161 2733 236 2768 ceti-1
342 2730 385 2763 2513
412 2728 539 2773 uiperaS
559 2733 625 2775 qde
668 2730 795 2777 (Squem
821 2734 855 2767 in
883 2736 971 2777 ras.)
1103 2735 1146 2774 534
1173 2743 1204 2768 111
1231 2738 1351 2780 reliqua
1380 2738 1596 2774 deteriorum
1625 2751 1715 2774 emus

818 2789 830 2804 S

89 2812 122 2840 cl
148 2807 340 2844 editiones:
370 2813 401 2843 in
427 2814 583 2855 reliquam
697 2815 740 2848 ,⁵35
768 2817 863 2848 aliiue
890 2818 917 2857 (s
945 2822 1027 2851 aule
1053 2829 1090 2849 ue
1117 2817 1200 2854 del.)
1314 2822 1358 2853 532·
1384 2823 1520 2863 excipiet
1549 2828 1572 2863 (t
1601 2832 1711 2858 corr.)

208 2870 251 2901 :32
280 2874 433 2910 re1fflsare
460 2872 567 2913 (essu-e
593 2872 627 2905 in
655 2874 742 2907 rasa]

1760 914 1789 937 10

1757 1264 1786 1291 15

1752 1618 1784 1641 20
