1977 3231
104 1488 123 1516 (i

373 186 477 215 DIAL.
500 188 551 214 IX.
592 189 645 214 AD
667 185 855 214 SERENVM
875 187 928 213 DE
947 182 1299 219 TRANQVILLITATE
1321 182 1450 210 ANIMI.
1492 182 1531 211 10.
1681 182 1764 224 209

144 289 446 341 adligauerunt,
476 287 550 326 nisi
582 285 689 326 sorte
716 292 759 325 tu
782 286 981 325 leuiorem
1004 286 1042 324 in
1064 286 1227 324 sinistra
1248 290 1439 323 catenam
1461 289 1606 336 putas:
1643 281 1767 322 alium

143 359 338 406 honores,
370 357 492 397 alium
526 370 628 409 opes
660 358 851 396 uinciunt.
913 356 1118 407 quosdam
1151 354 1362 402 nobilitas,
1394 354 1602 406 quosdam
1633 353 1766 393 humi-

145 428 236 469 litas
268 429 431 480 premit.
493 426 743 479 quibusdam
776 425 907 465 aliena
938 438 1061 477 supra
1092 431 1216 477 caput
1248 426 1421 477 imperia
1451 430 1562 472 sunt,
1600 423 1767 477 quibus-

146 500 245 539 dam
286 512 370 537 sua.
431 497 639 550 quosdam
680 496 802 536 exilia
840 509 921 535 uno
953 495 1048 534 loco
1079 500 1243 543 tenent,
1285 495 1490 546 quosdam
1523 495 1769 534 sacerdotia.

145 570 281 609 omnis
313 570 398 608 uita
429 567 640 607 seruitium
674 573 747 606 est.
791 564 1124 605 adsuescendum
1157 571 1221 604 est
1249 566 1387 617 itaque
1416 566 1649 605 condicioni
1672 577 1770 604 suae

146 645 188 679 et
229 652 356 691 quam
399 639 614 678 minimum
648 638 701 676 de
732 636 799 676 illa
830 634 1088 688 querendum
1121 641 1162 674 et
1194 634 1395 687 quidquid
1426 634 1555 674 habet
1588 636 1696 675 circa
1727 648 1772 674 se

146 709 384 757 commodi,
426 707 781 760 adprendendum.
845 705 942 746 nihil
983 711 1069 745 tam
1113 704 1311 744 acerbum
1355 710 1438 753 est,
1480 706 1519 744 in
1560 719 1644 757 quo
1687 719 1771 744 non

147 793 301 833 aequus
345 780 505 819 animus
543 777 739 817 solacium
772 775 963 816 inueniat.
1026 777 1202 827 exiguae
1234 787 1360 828 saepe
1392 788 1512 814 areae
1544 777 1584 815 in
1619 774 1772 815 multos

146 864 242 890 usus
295 849 565 889 describentis
618 853 706 887 arte
757 852 979 899 patuerunt
1021 851 1062 885 et
1104 847 1293 898 quamuis
1347 852 1569 898 angustum
1618 846 1772 898 pedem

148 910 366 972 dispositio
399 918 494 958 fecit
526 916 807 958 habitabilem.
870 915 1025 956 adhibe
1057 916 1261 956 rationem
1294 914 1628 956 difficultatibus:
1675 929 1770 969 pos-

146 995 241 1029 sunt
273 995 315 1029 et
347 990 450 1029 dura
482 987 630 1027 molliri
662 993 704 1026 et
736 992 913 1038 angusta
940 985 1072 1026 laxari
1102 992 1143 1026 et
1165 985 1308 1038 grauia
1329 986 1429 1026 scite
1451 985 1617 1026 ferentis
1640 987 1774 1025 minus

149 1073 349 1112 premere.
409 1072 494 1098 non
536 1064 631 1098 sunt
669 1064 887 1109 praeterea
919 1056 1166 1109 cupiditates
1204 1057 1244 1095 in
1275 1055 1502 1109 longinqua
1534 1056 1773 1104 mittendae,

148 1131 223 1170 sed
264 1131 304 1170 in
346 1130 525 1169 uicinum
567 1127 642 1168 illis
684 1128 826 1180 egredi
867 1128 1180 1180 permittamuS,
1222 1128 1420 1179 quoniam
1461 1126 1612 1166 includi
1644 1140 1688 1165 se
1720 1140 1775 1166 ex

148 1207 241 1241 toto
285 1214 369 1239 non
410 1200 630 1252 patiuntur.
693 1198 843 1238 relictis
885 1197 968 1245 his,
1010 1211 1118 1249 quae
1156 1203 1227 1237 aut
1264 1211 1348 1236 non
1380 1203 1556 1250 possunt
1588 1196 1674 1236 fieri
1706 1202 1776 1236 aut

149 1270 367 1311 difficulter
398 1275 590 1323 possunt,
622 1282 755 1322 prope
787 1270 924 1320 posita
954 1270 1126 1320 speique
1157 1274 1325 1308 nostrae
1357 1267 1598 1308 adludentia
1628 1281 1773 1319 sequa-

149 1355 262 1390 mur,
306 1342 381 1380 sed
423 1342 601 1380 sciamus
644 1340 785 1379 onmia
827 1352 958 1391 aeque
1001 1338 1106 1378 leuia
1147 1351 1260 1387 esse,
1304 1340 1560 1378 extrinsecus
1593 1339 1776 1378 diuersas

149 1411 273 1451 facies
324 1411 542 1458 habentia,
595 1412 795 1450 introrsus
847 1410 1001 1461 pariter
1053 1422 1169 1448 uana.
1242 1422 1319 1448 nec
1361 1410 1617 1448 inuideamus
1660 1407 1777 1448 altius

150 1482 381 1532 stantibus:
428 1496 535 1533 quae
577 1480 746 1520 excelsa
787 1480 1056 1527 uidebantur,
1108 1485 1330 1532 praerupta
1367 1485 1473 1519 sunt.
1534 1479 1589 1519 illi
1630 1493 1778 1526 rursuS,

151 1567 257 1606 quos
309 1566 400 1592 sors
451 1554 588 1604 iniqua
639 1553 679 1591 in
731 1552 895 1603 ancipiti
947 1552 1106 1603 posuit,
1159 1552 1333 1590 tutiores
1381 1556 1499 1590 erunt
1540 1549 1777 1602 superbiam

153 1623 416 1664 detrahendo
448 1623 571 1663 rebus
604 1636 677 1674 per
708 1636 753 1661 se
782 1622 968 1674 superbis
991 1628 1032 1661 et
1055 1621 1262 1660 fortunam
1284 1635 1413 1669 suam,
1445 1635 1569 1673 quam
1593 1621 1778 1660 maxime

151 1700 360 1746 poterunt,
393 1695 433 1733 in
467 1693 635 1745 planum
669 1692 909 1750 deferendo.
972 1691 1088 1731 multi
1121 1692 1289 1743 quidem
1321 1698 1427 1740 sunt,
1459 1692 1606 1744 quibus
1638 1704 1777 1730 neces-

150 1765 257 1804 sario
305 1763 562 1803 haerendum
612 1765 663 1803 sit
705 1764 743 1802 in
786 1763 950 1815 fastigio
993 1776 1090 1810 suo,
1140 1776 1194 1802 ex
1237 1777 1320 1815 quo
1362 1777 1447 1802 non
1488 1768 1662 1814 possunt
1703 1763 1779 1801 nisi

152 1834 343 1875 cadendo
396 1834 673 1874 descendere:
726 1835 800 1874 sed
852 1833 935 1873 hoc
972 1835 1110 1886 ipsum
1153 1839 1357 1873 testentur
1399 1835 1632 1873 maximum
1675 1846 1779 1871 onus

152 1919 272 1945 suum
316 1919 427 1953 esse,
470 1906 586 1957 quod
628 1904 714 1944 aliis
758 1918 906 1956 graues
952 1918 1043 1944 esse
1076 1910 1300 1956 cogantur,
1344 1917 1421 1943 nec
1452 1902 1692 1943 subleuatos
1723 1916 1778 1951 se,

152 1977 226 2015 sed
259 1975 444 2015 suffixos.
506 1976 678 2023 iustitia,
717 1974 1051 2023 mansuetudine,
1091 1974 1350 2014 humanitate
1380 1974 1497 2026 larga
1528 1980 1568 2014 et
1600 1973 1781 2025 benigna

154 2059 279 2086 manu
312 2051 561 2097 praeparent
594 2045 724 2085 multa
755 2046 808 2085 ad
841 2045 1047 2084 secundos
1080 2058 1197 2084 casus
1229 2045 1452 2096 praesidia,
1495 2058 1673 2097 quorum
1706 2058 1779 2096 spe

154 2117 333 2156 securius
375 2116 596 2168 pendeant.
659 2115 758 2155 nihil
799 2121 940 2155 tamen
980 2129 1112 2167 aeque
1144 2129 1220 2154 nos
1253 2115 1306 2154 ab
1339 2115 1400 2154 his
1433 2117 1557 2155 animi
1590 2114 1780 2154 fluctibus

154 2187 442 2233 uindicauerit,
486 2199 611 2237 quam
654 2199 820 2237 semper
862 2185 1039 2237 aliquem
1083 2187 1344 2225 incrementis
1386 2187 1608 2225 terminum
1641 2184 1780 2237 figere,

154 2270 230 2296 nec
271 2255 459 2295 fortunae
499 2256 711 2295 arbitrium
746 2257 961 2295 desinendi
995 2256 1118 2294 dare:
1167 2256 1269 2305 [sed]
1303 2256 1415 2307 ipsos
1448 2255 1579 2295 multo
1612 2255 1780 2308 quidem

157 2419 174 2453 1
203 2420 414 2462 alligauerunt
511 2420 530 2453 3
549 2421 667 2461 premit
788 2387 894 2461 capud
913 2417 947 2462 (d
967 2417 999 2451 in
1020 2422 1030 2449 t
1049 2420 1158 2460 corr.)
1255 2417 1275 2451 4
1296 2418 1390 2449 exilla
1410 2416 1542 2461 (altera
1561 2418 1570 2449 l
1589 2427 1682 2452 corr.
1704 2417 1737 2450 in
1758 2417 1780 2460 i)

251 2513 270 2547 5
297 2514 498 2545 condicionis
517 2513 546 2556 (s
565 2512 650 2555 del.)
773 2513 792 2545 6
811 2513 933 2554 quich
1054 2511 1074 2544 7
1102 2475 1274 2554 αόρτέῐιεέῡ
1395 2513 1426 2543 in
1444 2523 1508 2553 quo
1526 2510 1654 2556 uulqoz
1685 2513 1782 2553 inqua

253 2573 294 2606 12
322 2573 532 2614 inlonginqua
551 2570 629 2606 cod.
648 2573 679 2603 in
698 2571 909 2613 longinquum
928 2569 1036 2615 uulqo
1162 2571 1200 2604 13
1219 2570 1282 2601 illis
1302 2569 1325 2612 (i
1344 2569 1460 2604 allera
1478 2571 1654 2611 correcta)

1543 2628 1560 2652 h
1615 2636 1668 2653 uae

158 2666 277 2697 includi
302 2677 336 2697 se
361 2664 460 2699 Koch
486 2664 682 2699 secundum
709 2664 868 2699 Senecae
895 2663 1207 2698 consuetudinem:
1236 2665 1357 2696 includi
1479 2663 1522 2698 14
1565 2637 1625 2706 ἰεῗμ

166 2724 203 2757 lo'
238 2728 389 2766 prerupta
509 2735 612 2756 rursus
640 2723 858 2758 deteriores:
888 2734 996 2754 aursus
1023 2723 1073 2765 (ur
1098 2723 1134 2755 in
1160 2734 1214 2754 uer
1240 2722 1350 2764 corr.)
1487 2723 1524 2755 1⁴.)
1558 2724 1663 2764 posuit
1690 2721 1783 2757 delc-

158 2782 291 2816 re‘ores:
321 2783 403 2824 ,pfuit
518 2783 561 2816 22
587 2783 734 2814 herendu
848 2782 891 2815 25
919 2782 1129 2823 humanitate,
1157 2781 1248 2822 larga
1270 2779 1431 2826 Lipsius:
1461 2782 1612 2814 humana.
1641 2779 1784 2823 (lacuna

160 2846 329 2885 quattuor
351 2840 433 2884 sere
460 2839 672 2881 litterarum)
700 2841 791 2882 larga
819 2840 865 2881 (νή
894 2840 982 2881 ras.)
1119 2841 1163 2873 22»
1202 2840 1258 2871 sed
1284 2837 1430 2872 induxit
1459 2837 1577 2881 Gertz,
1604 2840 1667 2883 qui
1690 2844 1785 2872 recle

159 2899 369 2933 sententiam
403 2898 452 2931 ila
486 2902 652 2939 enarrat,
694 2903 731 2932 uc
765 2900 844 2929 citra
878 2899 923 2931 sil
953 2896 1159 2942 ‘antequam
1189 2896 1341 2941 fortuna
1373 2907 1439 2931 sua
1471 2901 1598 2941 sponte
1624 2895 1785 2937 desinas,

1463 2954 1501 2987 1-1

1797 923 1826 948 10

1800 1279 1829 1303 15

1798 1631 1831 1657 20

1799 1985 1832 2009 *25
