1977 3231
609 126 713 163 DIAL.
735 138 783 163 iv.
820 137 872 162 DE
892 137 958 162 IRA
980 136 1052 162 ΜΒ.
1075 137 1111 173 11.
1131 139 1158 163 4.
1179 140 1205 163 5.
1663 138 1715 177 59

46 238 65 272 2
91 236 294 275 rationem
333 236 464 275 euicit.
526 236 705 287 primum
744 235 856 274 illum
899 235 1023 274 animi
1060 235 1187 274 ictum
1220 232 1405 285 effugere
1443 232 1602 271 ratione
1633 244 1718 269 non

91 319 328 359 possumus,
362 307 464 345 sicut
496 319 548 345 ne
580 305 646 345 illa
677 306 847 358 quidem
879 319 987 358 quae
1017 304 1200 344 diximus
1239 304 1428 344 accidere
1461 302 1717 355 corporibus,

90 389 143 415 ne
174 389 251 415 nos
284 377 476 416 oscitatio
509 376 642 416 aliena
673 376 876 423 sollicitet,
908 389 961 415 ne
982 375 1165 415 oculiad
1187 375 1504 414 intentationem
1537 372 1716 411 subitam

91 448 317 499 digitorum
350 447 671 498 conprimantur.
733 448 811 486 ista
842 459 926 485 non
957 451 1099 499 potest
1121 446 1226 485 ratio
1249 446 1423 492 uincere,
1456 443 1716 483 consuetudo

90 517 266 557 fortasse
307 523 348 557 et
389 517 564 557 adsidua
615 517 854 557 obseruatio
906 521 1118 556 extenuat.
1180 515 1284 555 alter
1325 515 1391 555 ille
1434 520 1596 562 motus,
1649 514 1717 566 qui
1738 526 1753 551 5

90 589 238 629 iudicio
271 587 459 635 nascitur,
492 588 642 627 iudicio
674 587 840 627 tollitur.

47 665 61 697 1
208 658 261 699 V.
303 657 407 698 Illud
439 659 677 698 etiamnunc
708 657 993 711 quaerendum
1025 663 1100 705 est,
1131 655 1184 704 hi,
1217 656 1285 709 qui
1313 656 1442 708 uolgo
1464 656 1652 695 saeuiunt
1675 660 1718 694 et

89 729 290 782 sanguine
311 728 495 769 humano
527 729 725 781 gaudent,
757 742 810 767 an
842 729 1079 775 irascantur,
1112 740 1206 767 cum
1240 740 1313 766 eos
1345 726 1551 774 occidunt,
1583 739 1607 764 a
1630 725 1715 778 qui-

90 801 167 840 bus
196 813 273 839 nec
300 806 548 852 acceperunt
577 800 761 839 iniuriam
789 813 866 838 nec
889 798 1099 852 accepisse
1123 798 1199 851 ipsi
1216 811 1262 836 se
1290 797 1551 836 existimant:
1586 795 1717 849 qualis

43 876 63 908 2
89 870 162 910 fuit
176 870 466 923 Apollodorus
487 876 558 909 aut
579 869 773 909 Phalaris.
825 869 931 909 haec
951 882 1036 908 non
1059 875 1121 908 est
1143 869 1211 916 ira,
1233 867 1371 907 feritas
1394 874 1468 907 est.
1500 880 1583 906 non
1606 866 1716 906 enim
1740 878 1770 902 10

90 942 185 994 quia
206 941 366 993 accepit
387 940 573 980 iniuriam
594 947 730 988 nocet,
752 940 826 980 sed
847 946 995 993 parata
1016 946 1091 987 est,
1113 939 1214 978 dum
1237 944 1398 987 noceat,
1421 937 1487 977 uel
1518 937 1716 990 accipere.

90 1024 168 1050 nec
199 1010 252 1050 illi
283 1011 459 1050 uerbera
490 1010 845 1063 lacerationesque
887 1011 925 1049 in
957 1010 1158 1049 ultionem
1191 1015 1398 1062 petuntur,
1430 1009 1507 1062 sed
1540 1009 1579 1047 in
1602 1007 1715 1046 uolu-

44 1088 63 1119 3
89 1088 262 1135 ptatem.
316 1082 415 1135 quid
444 1084 569 1134 ergo?
601 1081 721 1134 origo
743 1080 862 1120 huius
884 1080 981 1120 mali
1003 1081 1057 1120 ab
1089 1081 1148 1120 ira
1180 1086 1253 1128 est,
1286 1093 1393 1132 quae
1415 1079 1484 1118 ubi
1515 1078 1718 1131 frequenti

91 1153 391 1192 exercitatione
432 1158 474 1192 et
512 1152 704 1191 satietate
735 1152 775 1191 in
807 1151 1063 1191 obliuionem
1096 1150 1342 1190 clementiae
1372 1150 1485 1189 uenit
1517 1155 1559 1188 et
1590 1161 1716 1188 omne

90 1222 238 1263 foedus
270 1222 499 1263 humanum
531 1223 650 1262 eiecit
681 1223 843 1271 animo,
886 1223 1111 1261 nouissime
1150 1222 1189 1260 in
1221 1220 1510 1260 crudelitatem
1542 1219 1712 1259 transit:
1739 1234 1769 1258 15

90 1294 225 1333 rident
256 1294 394 1346 itaque
428 1293 696 1346 gaudentque
728 1300 770 1333 et
799 1292 1015 1346 uoluptate
1037 1291 1169 1332 multa
1190 1290 1453 1344 perfruuntur
1473 1290 1714 1343 plurimum-

43 1368 64 1401 4
90 1378 171 1417 que
202 1364 256 1404 ab
288 1365 487 1404 iratorum
521 1364 635 1404 uoltu
668 1364 830 1412 absunt,
862 1377 937 1417 per
960 1364 1092 1403 otium
1125 1362 1249 1403 saeui.
1300 1361 1581 1401 Hannibalem
1605 1361 1716 1399 aiunt

90 1435 262 1484 dixisse,
295 1448 388 1474 cum
420 1435 577 1475 fossam
609 1435 809 1487 sanguine
840 1434 1024 1474 humano
1057 1433 1224 1487 plenam
1257 1433 1452 1472 uidisset:
1499 1445 1525 1470 o
1557 1431 1714 1471 formo-

91 1519 182 1545 sum
214 1505 521 1557 spectaculum!
563 1512 720 1558 quanto
753 1505 960 1558 pulchrius
993 1504 1046 1544 illi
1077 1505 1209 1543 uisum
1241 1509 1364 1550 esset,
1395 1503 1427 1542 si
1459 1502 1613 1542 flumen
1645 1501 1714 1540 ali-

91 1576 207 1629 quod
238 1575 427 1615 lacumue
459 1576 723 1629 complesset?
756 1576 855 1629 quid
888 1575 1050 1623 mirum,
1081 1575 1114 1614 si
1145 1574 1228 1613 hoc
1259 1574 1445 1613 maxime
1475 1571 1714 1625 spectaculo
1734 1583 1768 1609 20

92 1647 250 1699 caperis
282 1647 445 1686 innatus
477 1648 664 1699 sanguini
697 1653 739 1686 et
771 1647 824 1686 ab
857 1645 1012 1685 infante
1035 1645 1232 1684 caedibus
1255 1644 1478 1683 admotus?
1521 1648 1717 1695 sequetur

91 1723 134 1757 te
175 1716 339 1756 fortuna
382 1716 613 1756 crudelitati
656 1723 753 1756 tuae
796 1730 870 1770 per
913 1717 1056 1769 uiginti
1100 1728 1231 1755 annos
1283 1714 1465 1753 secunda
1518 1713 1717 1766 dabitque

92 1786 221 1827 oculis
261 1787 340 1827 tuis
378 1794 544 1839 gratum
586 1788 740 1840 ubique
790 1787 1085 1840 spectaculum.
1148 1785 1307 1825 uidebis
1329 1809 1334 1814 ·
1356 1785 1465 1824 istud
1517 1790 1560 1824 et
1611 1784 1718 1823 circa

92 1857 428 1897 Trasumennum
447 1864 488 1898 et
511 1859 617 1898 circa
631 1858 795 1898 Cannas
828 1865 870 1898 et
892 1859 1116 1897 nouissime
1140 1857 1246 1896 circa
1269 1855 1567 1907 Carthaginem
1589 1861 1716 1894 tuam.

46 1937 65 1971 f)
92 1928 274 1968 Volesus
302 1942 433 1981 nuper
454 1929 531 1968 sub
554 1929 652 1968 diuo
674 1928 874 1980 Augusto
906 1942 983 1981 pro
1007 1927 1177 1967 consule
1204 1926 1346 1974 Asiae,
1379 1939 1474 1965 cum
1506 1931 1717 1965 trecentos
1737 1934 1770 1960 25

92 2012 175 2038 uno
208 1999 275 2038 die
306 1999 437 2038 securi
468 2000 750 2051 percussisset,
781 2000 978 2038 incedens
1011 1999 1116 2037 inter
1148 1998 1354 2037 cadauera
1386 1995 1502 2035 uoltu
1524 1995 1717 2048 superbo,

93 2071 208 2123 quasi
240 2069 739 2122 magnificum-quiddam
773 2070 1198 2122 conspiciendumque
1230 2067 1405 2115 fecisset,
1438 2079 1588 2119 graece
1618 2079 1714 2118 pro-

93 2140 312 2180 clamauit:
355 2153 381 2179 o
426 2154 513 2179 rem
557 2141 738 2192 regiam!
795 2140 893 2192 quid
926 2140 992 2179 hic
1034 2153 1110 2178 rex
1152 2138 1341 2178 fecisset?
1385 2151 1470 2176 non
1511 2136 1585 2176 fuit
1615 2136 1719 2175 haec

93 2213 162 2259 ira,
194 2210 269 2250 sed
301 2211 432 2250 maius
465 2211 620 2250 malum
653 2217 695 2250 et
727 2210 964 2250 insanabile.

96 2410 111 2443 l
139 2410 264 2441 ratione
289 2421 341 2441 me
367 2411 442 2441 uicit
602 2412 622 2443 :5
650 2411 894 2441 intentationem
922 2410 1061 2440 subitam
1095 2406 1177 2441 olim
1204 2411 1423 2441 correctum:
1461 2406 1719 2448 inpotentationC'

92 2469 198 2500 subita
311 2469 329 2499 ι’)
357 2469 485 2500 assidua
512 2468 635 2513 (prior
659 2479 674 2500 s
700 2479 718 2502 e
743 2467 854 2510 corr.)
974 2467 989 2500 ἶ
1015 2467 1182 2508 querendi-1
1303 2467 1357 2496 hic
1385 2466 1430 2507 (ic
1456 2465 1491 2498 ln
1518 2465 1607 2506 ras.)

92 2528 190 2568 uulgo
216 2528 339 2572 seuiunt
483 2527 502 2561 9
529 2528 590 2569 ipsi
615 2538 649 2559 se
677 2525 805 2561 Gertz:
834 2529 922 2568 ipsos
1077 2526 1122 2558 10
1148 2525 1409 2566 Apollodo*rus
1557 2528 1610 2554 aut
1635 2522 1718 2556 olim

93 2591 312 2619 correctum:
349 2590 425 2628 aput
453 2588 478 2629 (t
504 2586 539 2619 in
566 2586 587 2616 d
614 2586 724 2627 corr.)
867 2585 905 2618 11
935 2586 1059 2626 accepit
1087 2583 1190 2618 deth:
1221 2585 1340 2625 accipit
1478 2582 1529 2614 uel
1554 2580 1717 2626 Lipsius:

92 2645 173 2676 uelle
284 2644 326 2678 12
352 2646 603 2687 lacerationesq;
639 2645 747 2687 (nesq;
777 2644 886 2685 corr.)
1001 2643 1041 2676 15»
1069 2643 1159 2684 fedus
1272 2642 1312 2675 1ῖ
1340 2643 1424 2673 uultu
1534 2629 1614 2681 seui}

93 2703 284 2737 Hannibale
311 2708 346 2744 (e
371 2704 407 2737 in
433 2702 520 2747 ras.)
658 2704 701 2736 10
729 2704 818 2745 aliqd
847 2703 896 2746 (in
923 2703 1010 2744 ras.)
1149 2701 1193 2734 20
1219 2701 1367 2732 lacumue
1396 2698 1521 2734 Gertz:
1551 2700 1722 2740 lacumque

1246 2755 1278 2770 Os

195 2785 240 2820 24
266 2787 551 2828 thransymennum
664 2785 708 2819 25
736 2785 906 2827 ,peonsulae
932 2785 964 2824 (e
989 2784 1098 2826 eraS.)
1221 2782 1308 2814 CCC
1430 2782 1474 2815 '36
1500 2781 1586 2812 uultu

94 2843 137 2877 27
164 2845 477 2886 εοηερίθίθῃᾶιιῐῐκμ-
596 2855 693 2886 grece
