2008 3221
188 869 217 892 ΙΝ

180 1579 212 1601 21)

241 128 293 167 30
606 122 761 151 DIAL‚H.
790 123 844 147 AD
875 122 1061 147 SERENVM
1090 121 1167 147 NEC
1194 121 1381 148 INIVRIAM
1409 123 1486 149 NEC

357 220 470 259 XIV.
514 219 649 258 Tanta
693 218 900 270 quosdam
946 218 1155 257 dementia
1197 224 1329 267 tenet,
1374 226 1418 259 ut
1460 220 1535 260 sibi
1569 221 1862 261 contumeliam

236 290 322 329 fieri
364 296 510 342 putent
552 303 676 341 posse
719 303 742 327 a
786 289 965 342 muliere.
1039 289 1138 340 quid
1183 289 1307 329 refert
1348 304 1474 342 quam
1516 291 1718 340 habeant,
1760 299 1862 344 quot

237 361 463 400 lecticarios
505 359 751 407 habentem,
794 372 920 410 quam
954 366 1148 399 oneratas
1181 373 1319 409 aures,
1361 375 1486 413 quam
1520 361 1660 402 laxam
1694 362 1861 402 sellam?

237 445 367 482 aeque
420 430 642 482 inprudens
695 430 845 469 animal
890 437 953 469 est
994 436 1053 478 et,
1107 431 1180 470 nisi
1222 432 1391 471 scientia
1432 434 1603 472 accessit
1643 447 1690 472 ac
1732 433 1863 472 multa

238 502 428 547 eruditio,
473 501 622 548 ferum,
667 502 951 553 cupiditatium
992 502 1261 541 incontinens.
1331 503 1500 555 quidam
1532 518 1577 543 se
1608 517 1632 542 a
1665 505 1862 543 cinerario

237 572 419 624 inpulsos
454 572 630 611 moleste
664 571 798 611 ferunt
831 579 871 611 et
905 572 1202 611 contumeliam
1226 580 1378 612 uocant
1402 575 1540 613 ostiari
1564 574 1862 622 difficultatem,

238 638 586 681 nomenculatoris
619 642 869 694 superbiam,
903 643 1125 682 cubiculari
1159 643 1431 695 supercilium.
1496 658 1521 683 o
1557 651 1735 696 quantus
1759 645 1863 684 inter

236 714 311 752 ista
355 714 455 752 risus
505 712 712 752 tollendus
755 719 836 761 est,
889 720 1044 765 quanta
1087 713 1303 766 uoluptate
1345 714 1562 767 inplendus
1605 716 1764 755 animus
1807 730 1861 754 ex

235 784 464 823 alienorum
489 797 676 823 errorum
700 783 879 823 tumultu
904 784 1204 837 contemplanti
1227 785 1410 837 quietem
1429 788 1569 825 suam!
1614 786 1713 838 quid
1737 789 1861 838 ergo?

238 856 399 907 sapiens
432 869 515 893 non
549 856 722 894 accedet
754 855 806 894 ad
829 854 950 902 fores,
983 869 1086 907 quas
1110 856 1236 895 durus
1259 856 1406 895 ianitor
1429 856 1619 895 obsidet?
1663 856 1727 896 ille
1751 870 1863 909 uero,

235 927 266 965 si
298 940 362 965 res
395 927 625 965 neccssaria
658 926 836 974 uocabit,
871 928 1108 978 experietur
1141 933 1182 966 et
1204 927 1317 966 illurn
1341 928 1523 979 quisquis
1546 928 1622 966 erit
1645 933 1860 979 tamquam

234 1010 379 1036 canem
413 1010 549 1035 acrem
584 997 753 1036 obiecto
786 998 880 1036 cibo
904 997 1027 1037 leniet
1050 1011 1126 1037 nec
1149 989 1429 1049 indignabitur
1452 998 1603 1050 aliquid
1626 999 1861 1050 inpendere,

234 1074 277 1106 ut
310 1067 432 1106 limen
465 1073 660 1116 transeat,
704 1069 891 1120 cogitans
924 1076 963 1106 et
994 1069 1032 1107 in
1065 1068 1264 1120 pontibus
1296 1068 1543 1120 quibusdam
1580 1082 1657 1121 pro
1690 1069 1862 1108 transitu

235 1139 331 1177 dari.
374 1138 512 1189 itaque
535 1138 587 1177 illi
610 1152 790 1190 quoque,
813 1139 997 1190 quisquis
1021 1140 1106 1186 erit,
1137 1140 1205 1191 qui
1230 1140 1310 1178 hoc
1332 1139 1627 1179 salutationum
1651 1139 1861 1192 publicum

200 1223 214 1244 :›
236 1215 448 1256 exerceat,
491 1209 673 1249 donabit.
738 1210 812 1249 scit
856 1211 935 1249 emi
969 1210 1104 1249 solere
1137 1210 1306 1249 uenalia.
1371 1210 1435 1249 ille
1468 1210 1598 1262 pusilli
1633 1211 1754 1249 animi
1789 1217 1862 1258 est,

234 1280 300 1331 qui
343 1279 417 1318 sibi
457 1279 610 1331 placet,
653 1281 769 1332 quod
802 1281 971 1320 ostiario
1004 1281 1132 1320 libere
1164 1281 1396 1334 respondit,
1437 1282 1552 1333 quod
1587 1282 1744 1333 uirgam
1778 1282 1863 1320 eius

234 1351 370 1402 fregit,
413 1351 529 1401 quod
572 1352 626 1390 ad
671 1351 887 1390 dominum
922 1352 1095 1391 accessit
1116 1358 1168 1391 vet
1201 1352 1318 1404 petiit
1351 1352 1519 1391 corium
1583 1351 1677 1390 sacit
1710 1365 1754 1390 se
1787 1353 1859 1391 ad-

238 1422 460 1460 uersarium
495 1422 565 1473 qui
598 1423 823 1471 contendit,
856 1428 897 1461 et
926 1428 970 1461 ut
999 1423 1147 1471 uincat,
1180 1436 1254 1475 par
1284 1422 1367 1462 fuit.
1431 1429 1471 1461 at
1494 1424 1657 1475 sapiens
1680 1422 1859 1475 colapho
1888 1453 1893 1460 ,

234 1506 451 1544 percussus
493 1492 593 1544 quid
636 1492 780 1544 faciet?
843 1494 959 1545 quod
993 1493 1117 1538 Cato,
1160 1507 1253 1533 cum
1287 1494 1339 1532 illi
1372 1507 1419 1532 os
1453 1507 1693 1545 percussum
1729 1499 1859 1532 esset:

233 1577 317 1602 non
360 1564 603 1612 excanduit,
647 1578 731 1603 non
773 1564 995 1603 uindicauit
1029 1565 1236 1613 iniuriam,
1280 1578 1331 1604 ne
1364 1565 1520 1604 remisit
1553 1565 1744 1616 quidem,
1788 1565 1863 1603 sed

232 1634 383 1673 factam
417 1636 607 1686 negauit:
653 1636 809 1674 maiore
841 1636 983 1674 animo
1018 1649 1101 1675 non
1124 1636 1296 1687 agnouit
1319 1649 1444 1687 quam
1474 1636 1712 1688 ignouisset.
1776 1649 1860 1674 non

234 1706 300 1744 diu
346 1706 383 1744 in
427 1705 508 1745 hoc
541 1705 828 1746 haerebimus:
885 1707 975 1758 quis
1008 1708 1116 1746 enim
1150 1707 1281 1746 nescit
1314 1706 1408 1745 nihil
1443 1720 1496 1745 ex
1530 1706 1602 1754 his,
1636 1720 1743 1758 quae
1776 1719 1861 1745 cre-

235 1777 386 1815 duntur
420 1776 529 1816 mala
562 1783 633 1815 aut
665 1779 786 1825 bona,
820 1777 875 1816 ita
908 1778 1035 1816 uideri
1058 1778 1231 1830 sapienti
1255 1783 1298 1816 ut
1320 1777 1538 1816 omnibus?
1581 1790 1664 1815 non
1688 1777 1864 1829 respicit,

235 1847 332 1897 quid
366 1861 513 1886 omnes
546 1854 666 1900 turpe
698 1847 878 1887 iudicent
910 1853 980 1887 aut
1014 1849 1221 1889 miserum.
1284 1862 1368 1887 non
1401 1849 1430 1887 it
1462 1861 1544 1900 qua
1566 1847 1755 1902 populus,
1789 1848 1865 1886 sed

200 1931 212 1952 ἰ
235 1923 277 1955 ut
301 1918 436 1957 sidera
458 1919 708 1958 contrarium
733 1920 892 1958 mundo
916 1919 992 1958 iter
1015 1920 1245 1967 intendunt,
1267 1920 1322 1958 ita
1335 1919 1400 1958 hic
1412 1920 1611 1958 aduersus
1624 1919 1863 1971 opinionem

234 1989 419 2027 omnium
453 1990 576 2028 uadit.

354 2060 449 2098 XV.
496 2060 679 2100 Desinite
722 2061 860 2112 itaque
902 2062 1059 2101 dicere:
1117 2075 1201 2100 non
1243 2062 1415 2113 accipiet
1459 2074 1560 2111 crgo
1603 2061 1767 2112 sapiens
1806 2060 1862 2098 in-

239 2130 395 2177 iuriam,
429 2132 459 2173 si
484 2131 690 2179 caedetur,
724 2132 754 2170 si
779 2132 922 2171 oculus
946 2131 997 2179 illi
1021 2134 1209 2171 eruetur?
1254 2146 1336 2171 non
1361 2133 1533 2184 accipiet
1557 2130 1864 2177 contumeliam,

234 2200 264 2237 si
298 2201 575 2240 obscenorum
611 2202 782 2241 uocibus
822 2204 1006 2255 inprobis
1038 2217 1112 2255 per
1146 2201 1280 2242 forum
1313 2205 1482 2254 agetur?
1533 2203 1565 2241 si
1598 2204 1635 2241 in
1670 2201 1862 2240 conuiuio

377 2360 391 2375 ΙΙ

234 2390 252 2419 ‘3
281 2388 397 2417 halmal
429 2399 460 2422 ιι]
488 2400 530 2422 m.
556 2389 629 2433 pr.)
740 2391 831 2433 quot]
860 2392 945 2431 quod
1055 2392 1074 2423 (j
1103 2392 1257 2432 impulsos
1355 2386 1473 2421 ‹istim-i'
1563 2389 1582 2423 Τ
1611 2391 1690 2420 inter
1710 2391 1768 2420 ista
1787 2390 1865 2420 risus

238 2446 397 2476 tollendus
424 2446 641 2481 dem-iore.s·:
672 2450 750 2480 risus
778 2450 858 2480 inter
885 2451 945 2480 ista
973 2451 1051 2480 risus
1078 2450 1263 2480 tolerandus
1355 2452 1375 2477 h*
1403 2449 1583 2490 implendus
1683 2449 1714 2480 ll
1746 2451 1864 2489 tanqua

359 2505 394 2537 Γ.)
423 2507 608 2546 imlwmlere
738 2508 771 2539 ΙῙ)
800 2510 877 2539 sciet
905 2508 1069 2542 inmerito
1099 2506 1204 2541 Gerl:
1232 2508 1280 2551 (tsss
1314 2510 1363 2543 123,
1392 2510 1410 2539 :3
1438 2518 1503 2538 non
1531 2507 1671 2548 placebit
1699 2507 1760 2537 sibi
1788 2532 1795 2539 .

234 2564 304 2599 >1⁷:3¹3
334 2575 396 2593 mm
425 2570 569 2603 tangetur
596 2578 630 2598 .;
652 2593 658 2599 ,
687 2567 742 2597 scil
866 2568 927 2598 emi
956 2568 1059 2598 solere
1086 2565 1206 2601 li'ocle:
1235 2578 1341 2597 emere
1368 2573 1435 2607 (me
1461 2565 1494 2598 in
1522 2567 1609 2607 ras.)
1656 2564 1735 2598 Non
1756 2575 1864 2609 pecu,

234 2621 335 2654 liaris
361 2622 537 2665 quaedam
565 2623 705 2657 emendi
729 2635 788 2659 res
819 2625 963 2659 uenales
990 2625 1138 2659 seientia
1166 2625 1409 2670 srffnificatnr,
1443 2624 1509 2658 sed
1538 2635 1656 2657 rerum
1687 2623 1864 2658 m’mtlimn

233 2680 416 2713 emtionem
445 2682 557 2714 cuiuis
578 2683 740 2726 pcrmt'lli
764 2683 871 2728 idque
897 2684 994 2719 illum
1013 2684 1106 2718 scire
1201 2685 1231 2718 ΙΙ
1263 2685 1352 2726 petiit
1374 2683 1445 2717 E'l:
1473 2685 1550 2725 petit
1634 2684 1707 2714 snt-it
1735 2683 1864 2716 onn'xso

232 2751 264 2769 se
291 2740 510 2771 aduersarium
545 2740 611 2773 sed
637 2741 672 2773 in
705 2743 867 2787 mar’qe'ne
900 2745 975 2775 facit
1009 2755 1041 2775 se
1069 2745 1259 2776 adum-<asin
1286 2754 1329 2779 m.
1357 2742 1417 2776 all.
1550 2743 1584 2774 18
1612 2743 1756 2783 colapho
1784 2740 1862 2775 cod.

232 2798 381 2838 cmlaplm
410 2798 516 2842 nul-ssa
638 2800 673 2831 1¹.)
703 2801 745 2831 illi
774 2812 810 2831 os
838 2804 860 2842 (i
889 2815 924 2832 os
951 2803 984 2835 iu
1013 2809 1103 2839 rus.)
1226 2802 1264 2836 ’,31
1297 2814 1409 2833 omnes
1439 2800 1565 2835 Gerstz
1596 2802 1745 2832 homines

233 2868 294 2886 lwn
325 2859 342 2887 il
373 2857 584 2891 deteriores:
617 2863 666 2888 nul
696 2859 744 2892 (in
773 2870 859 2895 νας.)
951 2862 993 2893 2²1»
1021 2863 1135 2901 sydera
1231 2865 1274 2893 ’,Ἢ
1301 2866 1423 2892 eruetur
1451 2859 1671 2893 ‹l‹,›cm·1'a›1-e.s·:
1701 2864 1861 2890 eruerctur

1898 227 1905 260 l

1890 799 1909 830 rs:
