2008 3236
283 143 366 182 288
569 136 671 164 mAL.
687 136 754 163 xil.
796 136 848 160 AD
871 134 1070 160 POLYBWM
1094 135 1145 159 DE
1166 134 1487 163 CONSOLATIONE.
1526 138 1566 162 15.
1584 137 1624 162 tr..

284 236 438 277 Caesar
460 241 628 289 patruus
652 246 769 273 meus
792 233 974 272 Drusum
999 230 1308 280 Germanicum,
1335 238 1498 283 patrem
1522 246 1674 280 meum,
1704 233 1907 272 minorem

282 312 402 355 natu,
444 318 568 358 quam
602 305 689 357 ipse
722 309 829 351 erat,
872 302 1059 349 fratrem,
1092 302 1237 342 intima
1269 301 1517 342 Germaniae
1550 302 1833 342 recludentem
1867 309 1908 343 et

282 384 429 430 gentes
471 375 745 415 ferocissimas
778 374 977 413 Romano
1020 372 1292 412 subicientem
1336 373 1510 425 imperio
1553 374 1592 412 in
1625 373 1834 425 conplexu
1868 380 1909 413 et

284 449 321 487 in
365 447 514 487 osculis
558 447 640 485 suis
683 446 841 484 amisit:
891 445 1065 483 modum
1109 450 1250 484 tamen
1293 443 1462 495 lugendi
1504 458 1589 484 non
1626 445 1701 484 sibi
1734 450 1909 493 tantum,

248 534 262 555 ῑ,
283 520 357 558 sed
391 519 513 557 etiarn
548 517 633 556 aliis
665 515 759 555 fecit
792 529 840 555 ac
871 520 1008 554 totum
1043 515 1274 554 exercitum
1307 527 1391 552 non
1423 514 1558 553 solum
1585 520 1803 563 maestum,
1834 515 1909 554 sed

234 886 263 910 11»

234 1240 264 1265 15

232 1594 265 1619 ‘20

237 2305 269 2326 :io

284 591 407 629 etiam
461 589 684 628 attonitum
739 600 888 638 corpus
931 586 1055 625 Drusi
1107 585 1168 624 sui
1209 585 1286 624 sibi
1328 585 1608 628 uindicantem
1650 586 1704 625 ad
1747 599 1909 625 morem

284 660 463 699 Romani
505 659 637 698 luctus
677 658 837 709 redegit
876 657 1154 708 iudicauitque
1186 669 1271 694 non
1304 655 1505 695 militandi
1539 661 1700 695 tantum
1733 655 1909 708 discipli-

283 745 379 770 nain
413 744 504 769 esse
533 730 794 775 seruandam,
827 729 901 767 sed
926 729 1049 766 etiam
1074 727 1253 766 dolendi.
1303 740 1386 765 non
1410 727 1614 780 potuisset
1636 727 1700 766 ille
1724 727 1911 766 lacrimas

283 802 435 841 alienas
468 814 731 853 conpescere,
764 800 838 838 nisi
870 800 981 851 prius
1014 798 1229 851 pressisset
1262 811 1358 836 suas

402 872 517 911 XVI.
575 871 668 922 [35]
714 870 772 909 M.
807 870 1036 916 Antonius,
1071 883 1171 908 auus
1204 882 1337 916 meus,
1372 868 1482 907 nullo
1517 869 1651 907 minor
1684 868 1756 908 nisi
1788 882 1857 917 eo,
1890 882 1914 907 a
1947 880 1957 912 1

283 958 366 997 quo
412 944 542 982 uictus
581 949 663 990 est,
708 948 807 981 tunc
839 954 933 980 cnm
967 940 1267 993 rempublicam
1301 941 1571 979 constitueret
1603 945 1643 978 et
1675 938 1912 979 triumuirali

283 1021 494 1068 potestate
537 1013 748 1065 praeditus
791 1012 887 1051 nihil
930 1025 1054 1064 super
1096 1025 1138 1050 se
1173 1012 1352 1059 uideret,
1396 1011 1583 1063 exceptis
1616 1023 1716 1049 uero
1749 1011 1914 1049 duobus

285 1086 454 1137 collegis
477 1085 618 1123 omnia
639 1083 742 1123 infra
764 1098 807 1123 se
830 1089 1028 1130 cerneret,
1053 1082 1223 1122 fratrem
1246 1081 1507 1121 interfectum
1531 1082 1697 1120 audiuit.
1750 1081 1915 1120 fortuna
1941 1091 1960 1124 2

284 1160 500 1209 inpotens,
540 1155 682 1208 quales
722 1169 776 1194 ex
808 1154 999 1193 humanis
1034 1153 1151 1193 malis
1185 1153 1257 1193 tibi
1289 1153 1377 1206 ipsa
1408 1153 1529 1192 ludos
1562 1152 1684 1192 facis!
1742 1166 1792 1191 eo
1824 1152 1914 1205 ipso

284 1235 488 1280 tempore,
521 1241 604 1278 quo
628 1225 684 1265 M.
708 1225 920 1265 Antonius
953 1226 1102 1264 ciuium
1135 1238 1304 1264 suorum
1338 1225 1446 1263 uitae
1479 1223 1656 1263 sedebat
1687 1223 1915 1275 mortisque

284 1300 448 1347 arbiter,
483 1298 538 1336 M.
573 1297 747 1336 Antonii
780 1296 904 1336 frater
937 1296 1028 1335 duci
1062 1295 1283 1335 iubebatur
1315 1296 1368 1334 ad
1401 1294 1671 1348 supplicium:
1715 1293 1804 1333 tulit
1834 1293 1916 1333 hoc

284 1377 425 1409 tamen
458 1376 545 1408 tam
578 1369 694 1407 triste
727 1367 874 1407 uolnus
907 1368 1056 1406 eadem
1092 1367 1379 1419 magnitudine
1411 1366 1535 1405 animi
1570 1363 1642 1419 [M
1675 1362 1916 1419 Antonius]‚

285 1455 367 1493 qua
409 1441 549 1480 omnia
590 1438 668 1479 alia
710 1440 886 1478 aduersa
928 1438 1179 1478 tolerauerat
1222 1443 1262 1476 et
1304 1437 1386 1476 hoc
1428 1436 1500 1476 fnit
1533 1437 1568 1475 ei
1601 1436 1743 1487 lugere
1775 1436 1917 1488 uiginti

285 1513 497 1563 legionum
540 1512 740 1562 sanguine
783 1509 894 1549 fratri
938 1516 1169 1562 parentare.
1232 1509 1307 1548 sed
1351 1514 1397 1548 ut
1440 1508 1580 1547 omnia
1611 1507 1689 1546 alia
1721 1506 1917 1558 exempla
1942 1515 1963 1550 3

285 1589 568 1636 praeteream,
612 1588 655 1621 ut
697 1582 735 1620 in
779 1595 846 1620 me
889 1594 1057 1633 quoque
1099 1580 1189 1632 ipso
1232 1579 1309 1618 alia
1351 1585 1513 1618 taceam
1549 1577 1711 1626 funera,
1752 1577 1815 1617 bis
1849 1590 1917 1616 me

285 1654 466 1694 fraterno
509 1652 620 1692 luctu
653 1653 853 1705 adgressa
884 1651 1050 1691 fortuna
1083 1657 1165 1699 est,
1210 1651 1272 1690 bis
1305 1649 1509 1689 intellexit
1541 1649 1648 1689 laedi
1681 1662 1749 1689 me
1780 1661 1916 1701 posse,

287 1726 391 1764 uinci
443 1739 527 1764 non
579 1737 729 1777 posse:
787 1723 902 1762 amisi
946 1722 1241 1762 Germanicum
1285 1720 1476 1768 fratrem,
1529 1734 1654 1773 quem
1697 1719 1916 1772 quomodo

287 1797 527 1844 amauerim,
559 1795 760 1847 intellegit
789 1794 976 1846 profecto
1001 1793 1183 1845 quisquis
1207 1793 1375 1844 cogitat,
1408 1793 1628 1844 quomodo
1651 1804 1749 1831 suos
1771 1789 1917 1829 fratres

287 1869 341 1920 pii
385 1867 528 1906 fratres
561 1872 714 1906 ament.
778 1866 835 1904 sic
867 1872 1008 1905 tamen
1042 1864 1252 1904 adfectum
1288 1877 1427 1902 meum
1462 1863 1571 1910 rexi,
1614 1868 1657 1901 ut
1691 1875 1767 1901 nec
1799 1861 1915 1900 relin-

235 1951 268 1974 η’,
288 1952 459 1990 qnerem
493 1938 727 1989 quicquam,
761 1937 876 1988 quod
910 1936 1021 1987 exigi
1055 1935 1230 1974 deberet
1263 1948 1287 1973 a
1315 1934 1430 1973 bono
1459 1933 1595 1981 fratre,
1628 1947 1704 1972 nec
1726 1931 1917 1978 facerem,

289 2010 402 2061 quod
436 2008 683 2060 reprehendi
715 2013 860 2060 posset
894 2007 933 2045 in
965 2007 1160 2059 principe.

408 2079 526 2119 Haec
579 2092 680 2130 ergo
732 2083 833 2130 puta
884 2077 957 2116 tibi
999 2082 1217 2129 parentem
1263 2074 1473 2128 publicum
1517 2074 1667 2114 referre
1711 2073 1917 2127 exempla,
1945 2082 1962 2115 «i

290 2151 469 2189 eundem
514 2150 759 2197 ostendere,
802 2162 927 2200 quam
971 2147 1067 2187 nihil
1109 2160 1272 2186 sacrum
1316 2147 1602 2198 intactumque
1634 2145 1685 2184 sit
1717 2144 1919 2192 fortunae,

290 2236 396 2274 quae
429 2236 483 2260 ex
517 2221 573 2260 eis
606 2220 824 2273 penatibus
858 2232 957 2259 ausa
989 2224 1051 2258 est
1084 2218 1226 2258 funera
1255 2218 1417 2266 ducere,
1451 2231 1506 2256 ex
1534 2216 1683 2269 quibus
1707 2222 1794 2255 erat
1817 2216 1920 2255 deos

290 2293 478 2344 petitura.
541 2305 666 2331 nenio
709 2292 848 2343 itaque
890 2291 1060 2330 miretur
1103 2289 1255 2341 aliquid
1296 2288 1349 2327 ab
1382 2287 1449 2328 illa
1481 2295 1550 2328 aut
1584 2286 1802 2326 crudeliter
1835 2285 1921 2325 fieri

294 2458 313 2489 ἶ.)
342 2458 453 2488 intima
481 2457 644 2488 Germane
662 2454 769 2489 BDE
886 2454 906 2488 6
934 2455 975 2485 ad
1003 2459 1140 2485 mortem
1161 2455 1194 2487 B
1315 2452 1334 2486 7
1361 2464 1425 2484 non
1451 2455 1534 2486 ante
1560 2451 1719 2482 militandi
1747 2449 1872 2483 omilll'l
1890 2447 1926 2482 E

411 2519 432 2549 ὅ
459 2515 588 2547 colendi
608 2514 640 2549 I)
760 2515 814 2547 ille
839 2515 992 2546 lacrimas
1010 2523 1121 2557 usque
1139 2512 1190 2546 ad
1206 2513 1370 2554 pressisset
1389 2511 1516 2546 omittit
1535 2509 1570 2544 E
1693 2509 1730 2543 10
1749 2520 1787 2540 eo
1806 2520 1869 2549 quo
1894 2506 1922 2540 B

416 2575 451 2607 11
478 2586 542 2606 reni
555 2601 560 2607 .
575 2587 604 2616 p.
628 2577 658 2607 13
755 2574 920 2605 triumuira
939 2577 1096 2615 potestate
1117 2571 1148 2605 Β
1250 2572 1288 2604 12
1308 2575 1338 2602 et
1356 2572 1498 2612 exceptis
1521 2568 1622 2604 BDE
1636 2573 1665 2600 et
1684 2579 1750 2602 om.
1772 2567 1823 2601 ΕΙ

302 2635 337 2666 ῙῘ»
365 2635 444 2665 mihi
466 2635 623 2665 Antonius
650 2634 791 2665 ciuilium
819 2644 947 2664 suorum
976 2633 1057 2663 uitas
1084 2632 1201 2662 edebat
1220 2629 1291 2664 DE
1416 2630 1451 2663 lss
1480 2630 1584 2661 frati-is
1603 2627 1638 2662 E
1756 2627 1923 2658 iubebatur

295 2692 589 2738 11³((qr)11i‹lel›at111·
619 2692 722 2726 BDE
844 2692 883 2726 17
912 2693 957 2725 Μ.
978 2692 1135 2723 Antonius
1161 2689 1307 2723 imlnffM
1327 2687 1491 2723 Muretus
1616 2689 1655 2721 lb·
1681 2698 1745 2729 quo
1773 2684 1806 2719 B

294 2754 321 2784 ei
351 2754 458 2793 lugere
485 2752 598 2796 Neap.
628 2753 693 2783 eius
721 2753 829 2793 lugere
858 2750 963 2785 BDE
1104 2749 1140 2782 19
1168 2750 1341 2781 lectionum
1362 2747 1397 2781 Ε
1522 2747 1710 2788 sanguinem
1743 2744 1809 2779 BE

294 2823 404 2854 parem
425 2813 502 2843 ‹lare
523 2809 556 2844 Ε
674 2810 710 2843 2]
744 2822 884 2852 superno
912 2811 995 2842 luctu
1016 2809 1048 2843 B
1162 2813 1206 2840 est
1235 2809 1387 2840 intellexit
1407 2806 1442 2840 E
1465 2810 1508 2838 est
1528 2807 1578 2837 bis
1598 2806 1752 2846 intellegit
1777 2803 1806 2837 B

295 2872 337 2903 ‘222
374 2881 446 2901 suos
473 2871 584 2901 fratre<
611 2869 773 2903 ammom!
804 2868 871 2903 DE
990 2868 1034 2902 QG
1063 2869 1158 2909 poss-it
1193 2866 1222 2901 B
1344 2878 1361 2897 a
1389 2867 1534 2907 principe
1563 2863 1593 2898 Ι)
