1977 3231
367 156 470 183 DlAL.
493 155 544 183 xl.
584 157 637 181 ΑΙ)
659 157 836 183 HELVIAM
861 158 1030 185 MATREM
1054 159 1105 184 DE
1127 160 1445 186 CONSOLATIONE.
1489 162 1528 187 12.
1675 163 1751 203 261

136 252 305 292 notabis
353 253 552 293 tristiores
601 254 939 308 sollicitioresque
988 256 1207 296 diuitibus:
1263 257 1392 296 immo
1434 258 1572 296 nescio
1614 270 1666 296 an
1708 271 1758 297 eo

89 332 108 364 2
136 323 326 362 laetiores
349 323 439 371 sint,
462 337 545 376 quo
569 326 727 364 animus
750 326 911 365 illorum
933 327 969 365 in
989 328 1184 378 pauciora
1203 328 1468 379 distringitur.
1501 334 1759 367 transeamus

126 400 350 445 pauperes,
371 400 495 445 saepe
510 408 594 433 non
614 395 789 434 miseros
807 396 863 435 ob
874 403 1183 448 paupcrfalcm,
1206 398 1419 437 ueniamus
1437 399 1491 437 ad
1505 397 1753 450 locupletes:

135 477 260 516 quam
294 464 423 503 multa
455 471 647 518 tempora
677 473 781 513 sunt,
815 467 963 518 quibus
993 468 1242 520 pauperibus
1265 467 1415 507 similes
1438 469 1543 507 sint?
1587 469 1756 508 circum-

136 536 243 574 cisae
274 541 368 574 sunt
401 537 750 587 peregrinantium
784 538 967 576 sarcinae
1000 544 1040 576 et
1073 539 1265 590 quotiens
1288 538 1593 578 festinationem
1617 553 1755 578 neces-

134 607 232 645 sitas
264 606 415 645 itineris
448 609 609 658 exegit,
650 608 850 646 comitum
884 608 1005 647 turba
1040 609 1268 652 dimittitur.
1332 609 1552 649 militantes
1585 616 1758 662 quotam

136 682 297 729 partem
350 690 486 716 rerum
536 691 701 716 suarum
744 692 885 717 secum
929 678 1107 725 habent,
1161 692 1252 718 cum
1298 692 1467 718 omnem
1510 681 1756 732 adparatum

89 755 109 787 :3
136 748 354 787 castrensis
388 747 600 799 disciplina
632 751 923 788 summoueat?
967 762 1042 788 nec
1074 755 1236 788 tantum
1269 750 1459 789 condicio
1483 750 1572 789 illos
1594 757 1757 803 tempo-

137 830 226 856 rum
269 823 339 856 aut
380 817 569 856 locorum
612 818 750 870 inopia
787 819 1035 871 pauperibus
1069 824 1302 872 exaequat:
1349 825 1517 859 sumunt
1549 822 1756 872 quosdam

135 888 241 935 dies,
275 901 368 927 cum
401 889 480 927 iam
515 887 605 927 illos
638 889 871 928 diuitiarum
905 890 1090 928 taedium
1125 890 1251 942 cepit,
1284 890 1431 941 quibus
1463 890 1576 930 humi
1609 897 1757 930 cenent

135 963 176 997 et
218 964 383 998 remoto
426 972 527 998 auro
569 966 831 1012 argentoque
872 959 1063 999 fictilibus
1106 966 1282 999 utantur.
1367 961 1611 1000 dementes!
1677 961 1758 1001 hoc

135 1030 249 1081 quod
282 1029 504 1081 aliquando
537 1031 842 1082 concupiscunt,
876 1044 1042 1083 semper
1073 1031 1231 1070 timent.
1283 1044 1307 1070 o
1337 1037 1492 1082 quanta
1514 1031 1602 1070 illos
1625 1031 1758 1083 caligo

135 1101 358 1148 mentium,
400 1107 555 1152 quanta
597 1101 830 1152 ignorantia
872 1102 1053 1140 ueritatis
1096 1106 1288 1149 exercet,
1332 1101 1405 1154 (μή
1432 1102 1616 1152 fitgimzl
1644 1103 1758 1154 quod

89 1175 107 1209 4
136 1170 360 1224 uoluptatis
384 1184 507 1210 causa
528 1172 758 1211 imitantur!
802 1185 869 1210 me
891 1172 1058 1223 quidem
1082 1172 1274 1223 quotiens
1297 1173 1349 1210 ad
1373 1172 1541 1224 antiqua
1564 1172 1760 1224 exempla

135 1242 311 1294 respexi,
345 1243 601 1293 paupertatis
634 1243 690 1281 uti
723 1242 882 1282 solaciis
915 1243 1056 1294 pudet,
1090 1243 1286 1295 quoniam
1320 1243 1488 1295 quidem
1520 1256 1571 1282 eo
1593 1249 1756 1295 tempo-

136 1325 225 1352 rum
268 1312 429 1352 luxuria
469 1312 664 1364 prolapsa
706 1319 789 1360 est,
832 1320 875 1352 ut
918 1313 1049 1352 maius
1089 1313 1281 1352 uiaticum
1317 1313 1486 1352 exulum
1519 1314 1591 1361 sit,
1633 1326 1757 1365 quam

135 1382 233 1423 olim
276 1383 572 1435 patrimonium
615 1384 843 1436 principum
887 1383 970 1423 fuit.
1034 1397 1161 1422 unum
1202 1383 1324 1422 fuisse
1357 1384 1548 1423 Homero
1581 1397 1757 1431 seruum,

134 1460 218 1494 tres
257 1453 439 1502 Platoni,
483 1454 638 1493 nullum
673 1454 850 1502 Zenoni,
895 1468 918 1493 a
960 1467 1043 1506 quo
1087 1455 1224 1507 coepit
1257 1453 1496 1494 Stoicorum
1540 1454 1670 1506 rigida
1711 1467 1758 1494 ac

135 1524 255 1564 uirilis
296 1525 516 1577 sapientia,
559 1526 657 1564 satis
700 1531 874 1564 constat.
949 1538 1047 1564 num
1091 1538 1192 1576 ergo
1236 1525 1453 1577 quisquam
1497 1538 1568 1564 eos
1611 1525 1758 1563 misere

135 1595 288 1635 uixisse
329 1596 460 1643 dicet,
503 1602 546 1635 ut
586 1610 670 1635 non
709 1596 796 1648 ipse
829 1596 1079 1635 miserrimus
1113 1595 1169 1634 ob
1202 1595 1283 1635 hoc
1316 1596 1508 1635 omnibus
1542 1595 1756 1634 uideatur?

89 1670 108 1702 ἵ)
137 1666 351 1705 Menenius
384 1667 596 1720 Agrippa,
640 1668 707 1719 qui
750 1668 854 1706 inter
895 1672 1034 1719 patres
1077 1679 1124 1705 ac
1166 1666 1334 1718 plebem
1375 1666 1563 1719 publicae
1602 1666 1758 1717 gratiae

134 1743 350 1789 sequester
381 1737 473 1785 fuit,
515 1751 610 1777 aere
643 1737 809 1776 conlato
844 1736 1052 1777 funeratus
1085 1742 1156 1776 est.
1220 1736 1392 1777 Attilius
1425 1736 1629 1789 Regulus,
1664 1750 1756 1775 cum

136 1808 300 1847 Poenos
332 1809 371 1847 in
404 1807 547 1847 Africa
578 1807 781 1856 funderet,
814 1809 867 1847 ad
891 1814 1080 1847 senatum
1104 1808 1265 1860 scripsit
1288 1808 1614 1847 mercennarium
1638 1820 1757 1846 suum

135 1878 372 1917 discessisse
404 1885 444 1918 et
477 1878 531 1917 ab
564 1892 614 1918 eo
649 1879 859 1918 desertum
889 1892 979 1917 esse
1002 1892 1080 1926 rus,
1113 1879 1230 1930 quod
1252 1879 1410 1918 senatui
1431 1878 1594 1930 publice
1617 1878 1757 1925 curari,

135 1948 235 1988 dum
278 1948 443 1988 abesset
475 1948 683 2001 Regulus,
725 1949 901 2001 placuit:
947 1947 1075 1988 fuitne
1117 1949 1219 1988 tanti
1260 1962 1426 1988 seruum
1469 1962 1552 1988 non
1591 1948 1756 1996 habere,
1799 1968 1810 1982 π

89 2025 108 2056 tj
136 2025 180 2059 ut
212 2019 385 2059 colonus
419 2020 503 2059 eius
534 2019 712 2072 populus
733 2020 951 2059 Romanus
984 2021 1122 2059 esset?
1165 2018 1368 2073 Scipionis
1395 2019 1501 2059 filiae
1523 2033 1577 2059 ex
1600 2019 1757 2058 aerario

142 2255 148 2287 1
182 2266 221 2286 eo
247 2255 374 2286 letiores
402 2255 454 2296 (eo
481 2254 510 2285 le
536 2253 569 2287 in
597 2264 692 2289 ras.;
718 2252 800 2297 filil,
828 2258 865 2286 ut
893 2253 1045 2293 uidetur,
1074 2267 1111 2285 co
1138 2255 1201 2296 lae)
1363 2256 1382 2288 ζ)
1416 2267 1478 2296 quo
1507 2254 1641 2299 Neap.:
1671 2256 1756 2297 quod

317 2314 514 2353 distringitur
541 2311 758 2346 deteriores:
788 2313 967 2354 destringi(
1142 2318 1339 2344 transeamus
1373 2325 1530 2355 pauperes
1552 2325 1659 2355 osaepe
1694 2325 1756 2345 non

135 2374 270 2404 miseros
296 2373 339 2403 ol)
366 2375 608 2413 paupertatem,
642 2373 807 2403 ueniamus
835 2370 935 2405 Koch
962 2376 1174 2413 (transeamus
1200 2383 1278 2414 opes
1307 2384 1409 2413 paene
1437 2373 1560 2414 inopes,
1594 2373 1757 2404 ueniamus

135 2430 318 2475 Madecaeyslz
349 2436 522 2467 transeam
552 2442 612 2472 ape
636 2442 692 2472 spe
718 2442 782 2461 non
809 2432 1019 2462 obueniamus
1045 2430 1123 2465 cml.
1153 2429 1335 2475 Madm'qii
1359 2430 1462 2465 lectio
1488 2431 1626 2465 inanem
1653 2430 1758 2465 habel

134 2490 363 2526 senlenlicmm
393 2500 486 2533 qnae
511 2490 588 2534 ipsc
606 2490 719 2534 posui
741 2488 866 2523 saltem.
893 2488 1051 2534 inlelleqi
1071 2494 1224 2535 possunt
1343 2490 1360 2523 -i
1399 2496 1545 2532 tempora
1572 2496 1640 2521 sunt
1667 2489 1757 2530 cod„

1585 2557 1614 2572 ΥΟ

133 2588 204 2615 sunt
231 2589 376 2625 tempora
403 2577 490 2617 cnm*
508 2583 720 2618 cddionibus
746 2583 961 2628 quibusdam
988 2583 1242 2617 m’lnsle'orc'bns
1268 2583 1392 2618 Haase
1516 2584 1533 2617 ’ἶ
1563 2590 1637 2617 rursl

135 2646 326 2684 apparatum
522 2643 560 2676 13
595 2645 649 2685 qui
678 2644 799 2684 fugiunt
825 2644 913 2684 quod
940 2641 1014 2676 Εἲς
1049 2654 1145 2684 quam
1173 2642 1251 2679 cod,
1276 2641 1400 2676 Possis
1425 2643 1527 2677 eliam
1554 2645 1605 2685 qui
1635 2644 1755 2683 fugiunt

135 2730 354 2767 paupertatem
378 2737 477 2767 quam
602 2725 642 2759 17
669 2727 852 2767 principswe
978 2726 1018 2759 lb*
1037 2727 1121 2767 cepit
1243 2727 1286 2757 2⁴1
1314 2709 1477 2761 miscrrinu
1601 2726 1644 2758 ‘32'
1665 2725 1752 2755 suit*

619 2795 635 2808 ο
1267 2786 1367 2809 mirus

135 2830 207 2850 aere
234 2830 303 2850 eoae
320 2820 411 2850 llatus
531 2820 648 2851 attilius
676 2820 744 2860 (atri
773 2820 805 2851 in
834 2821 920 2851 ΝΛΜ
1042 2819 1083 2852 ‘Ji
1113 2830 1181 2850 esse
1209 2830 1257 2849 rus
1275 2820 1360 2860 quod
1381 2819 1580 2863 (suprascr.
1601 2829 1644 2851 711.
1668 2817 1754 2853 rec.)

253 2878 381 2919 puplice
501 2879 545 2912 ‘26
573 2879 671 2912 .1¹.1<.
794 2880 897 2909 erario

1782 903 1810 926 10

1781 1255 1812 1279 15

1778 1606 1810 1631 211
