2008 3221
247 128 330 168 268
479 125 581 151 DIAL.
603 124 655 152 XI.
696 125 749 150 AD
770 125 951 150 HELVlAM
972 126 1143 152 MATREM
1166 127 1218 152 DE
1238 126 1559 155 CONSOLATIONE.
1603 131 1640 156 18.

248 228 370 273 potes
403 222 568 261 alterius
601 221 803 274 dignitate
835 221 1015 271 defendi,
1047 222 1211 263 alterius
1244 225 1331 264 otio
1364 223 1451 264 frui.
1505 225 1723 266 certabunt
1756 227 1795 265 in
1828 233 1870 267 te

244 292 386 332 officiis
429 299 469 331 et
507 293 623 332 unius
656 293 906 332 desiderium
941 294 1119 333 duorum
1153 296 1308 346 pietate
1340 295 1608 348 supplebitur.
1672 298 1871 336 audacter

244 377 414 416 possum
447 365 712 416 promittere,
746 363 843 403 nihil
875 364 948 403 tibi
980 365 1112 404 deerit
1144 371 1309 418 praeter
1341 379 1572 405 numerum.
1637 367 1690 406 ab
1723 367 1785 406 his
1817 369 1871 407 ad
1899 399 1905 402 .

243 441 420 486 nepotes
452 448 620 486 quoque
653 436 834 488 respice:
880 435 1067 474 Marcum
1102 436 1420 476 blandissimum
1453 450 1638 489 puerum,
1672 439 1725 477 ad
1758 440 1871 478 cuius

209 519 222 540 :v
244 511 515 558 conspectum
548 505 659 545 nulla
691 512 832 558 potest
866 507 1013 545 durare
1045 507 1219 545 tristitia.
1282 507 1379 546 nihil
1412 513 1499 546 tam
1533 522 1742 558 magnum,
1775 509 1871 548 nihil

168 887 170 890 ,
194 871 221 895 Η)

191 1584 224 1607 ·.’‹›

243 582 329 615 tam
364 590 508 615 recens
540 577 579 615 in
612 578 853 629 cuiusquam
887 583 1060 629 pectore
1092 578 1221 624 suerit,
1255 579 1370 630 quod
1403 592 1487 617 non
1520 579 1787 618 circumfusus
1808 579 1873 619 ille

243 647 511 698 permulceat.
575 649 688 687 cuius
731 661 815 686 non
859 648 1050 687 lacrimas
1092 647 1194 687 illius
1237 648 1417 688 hilaritas
1450 650 1708 702 supprimat?
1762 651 1873 689 cuius

244 732 326 757 non
361 724 622 757 contractum
655 718 929 758 sollicitudine
963 720 1147 758 animum
1182 719 1285 758 illius
1311 721 1498 770 argutiae
1522 720 1713 760 soluant?
1747 734 1872 773 quern

243 803 326 827 non
370 790 408 828 in
451 790 566 828 iocos
600 789 794 829 euocabit
826 789 892 828 illa
925 789 1114 829 lasciuia?
1159 804 1284 842 quem
1318 804 1402 829 non
1434 791 1472 829 in
1506 805 1550 830 se
1583 797 1800 831 conuertet
1833 798 1874 831 et

243 858 426 899 abducet
470 859 644 899 infixum
691 861 1015 912 cogitationibus
1059 860 1125 900 illa
1157 862 1366 901 neminem
1400 862 1596 901 satiatura
1629 862 1873 914 garrulitas?

243 930 346 970 deos
380 945 468 979 om,
501 931 720 983 contingat
753 931 862 970 hunc
894 932 1050 971 habere
1083 932 1204 971 nobis
1236 933 1527 985 superstitem:
1565 934 1604 972 in
1637 946 1705 972 me
1738 934 1874 973 omnis

243 1001 421 1041 satorum
456 1002 675 1042 crudelitas
708 1002 860 1042 lassata
893 1004 1118 1042 consistat:
1156 1004 1358 1056 quidquid
1391 1006 1513 1043 matri
1537 1004 1765 1044 dolendum
1789 1003 1874 1053 fuit,

243 1073 281 1111 in
315 1087 392 1113 ‚me
434 1075 662 1121 transierit,
706 1074 908 1126 quidquid
947 1074 1085 1122 auiae,
1127 1075 1165 1113 in
1210 1088 1286 1114 me.
1351 1074 1498 1114 floreat
1540 1074 1696 1128 reliqua
1727 1075 1766 1114 in
1798 1089 1873 1115 suo

243 1150 351 1183 statu
394 1144 540 1183 turba:
589 1144 686 1183 nihil
729 1146 783 1184 de
826 1145 1027 1193 orbitate,
1071 1145 1168 1184 nihil
1211 1146 1265 1184 de
1310 1147 1556 1185 condicione
1589 1160 1684 1186 mea
1715 1160 1874 1199 querar,

208 1228 222 1251 τ)
243 1213 387 1254 fuerim
421 1222 583 1255 tantuin
617 1216 712 1255 nihil
745 1217 921 1269 amplius
955 1216 1159 1256 doliturae
1192 1218 1343 1256 domus
1375 1218 1645 1270 piamentum.
1707 1223 1804 1257 tene
1835 1219 1874 1257 in

243 1286 404 1337 gremio
430 1283 519 1326 'cito
553 1287 626 1326 tibi
660 1288 851 1327 daturam
885 1294 1141 1340 pronepotes
1176 1288 1454 1336 Nouatillam,
1487 1301 1613 1341 quam
1647 1289 1704 1328 sic
1735 1289 1774 1327 in
1808 1302 1876 1328 me

244 1357 557 1404 transtuleram,
600 1360 658 1397 sic
700 1358 799 1397 mihi
843 1359 1167 1411 adscripseram,
1211 1365 1255 1397 ut
1287 1365 1431 1411 posset
1465 1360 1616 1407 uideri,
1659 1360 1774 1411 quod
1808 1373 1875 1399 me

244 1429 399 1476 amisit,
453 1429 644 1480 quamuis
697 1429 813 1468 saluo
867 1436 986 1482 patre
1038 1429 1201 1482 pupilla.
1266 1430 1374 1468 hanc
1423 1435 1464 1469 et
1506 1443 1583 1482 pro
1626 1443 1695 1469 me
1738 1429 1874 1482 dilige.

244 1499 413 1538 abstulit
455 1499 507 1539 illi
548 1514 679 1552 nuper
713 1495 879 1540 fortuna
912 1507 1115 1540 matrem:
1162 1507 1234 1540 tua
1265 1506 1406 1553 potest
1439 1500 1602 1540 efficere
1634 1502 1788 1553 pietas,
1831 1507 1876 1541 ut

244 1571 473 1623 perdidisse
505 1585 551 1610 se
584 1578 763 1611 matrem
797 1572 940 1611 doleat
972 1578 1147 1619 tantum,
1182 1586 1265 1611 non
1299 1577 1340 1611 et
1372 1573 1534 1611 sentiat.
1594 1585 1702 1612 nunc
1734 1585 1874 1612 mores

245 1642 330 1680 eius
373 1656 587 1695 conpone,
640 1657 749 1682 nunc
792 1642 951 1682 forma:
1005 1642 1125 1682 altius
1167 1648 1392 1696 praecepta
1434 1644 1715 1691 descendunt,
1768 1656 1874 1695 quae

244 1714 396 1752 teneris
429 1714 705 1766 inprimuntur
738 1714 954 1754 aetatibus.
998 1715 1078 1753 tuis
1110 1715 1331 1753 adsuescat
1363 1714 1636 1754 sermonibus.
1680 1715 1734 1753 ad
1757 1720 1872 1753 tuum

244 1784 423 1836 fingatur
455 1784 691 1824 arbitrium:
729 1785 904 1824 multum
938 1785 990 1824 illi
1024 1785 1154 1833 dabis,
1189 1785 1350 1824 etiamsi
1382 1784 1478 1824 nihil
1512 1786 1677 1824 dederis
1710 1790 1875 1837 praeter

245 1855 500 1907 exemplum.
563 1855 644 1895 hoc
694 1856 768 1895 tibi
819 1863 904 1895 tarn
948 1855 1152 1895 sollemne
1194 1855 1376 1894 officium
1419 1869 1495 1907 pro
1538 1856 1727 1895 remedio
1771 1856 1870 1895 erit:

191 1938 223 1961 ⁸25
244 1940 328 1965 non
370 1932 511 1978 potest
554 1927 663 1965 enim
708 1927 891 1966 animum
935 1927 1000 1979 pie
1043 1926 1262 1965 dolentem
1307 1940 1330 1965 a
1372 1925 1644 1965 sollicitudine
1685 1932 1874 1966 auertere

191 2295 223 2317 30

245 1998 317 2036 nisi
367 2003 437 2036 aut
486 1998 590 2037 ratio
639 2003 709 2037 aut
752 1997 930 2037 honesta
973 1998 1204 2050 occupatio.
1267 2011 1530 2036 numerarem
1574 1998 1679 2037 inter
1721 2011 1876 2049 magna

244 2068 397 2108 solacia
429 2075 592 2121 patrem
626 2083 794 2121 quoque
826 2075 955 2117 tuum,
989 2069 1062 2108 nisi
1095 2069 1273 2108 abesset.
1317 2082 1424 2108 nunc
1456 2074 1597 2107 tamen
1630 2082 1684 2108 ex
1707 2067 1874 2108 adfectu

245 2146 328 2187 tuo,
361 2140 451 2191 quis
484 2139 585 2179 illius
618 2140 656 2179 in
689 2146 731 2180 te
763 2141 814 2179 sit
847 2141 1012 2192 cogita:
1050 2139 1276 2192 intelleges,
1309 2146 1467 2191 quanto
1500 2139 1642 2178 iustius
1674 2139 1726 2179 sit
1758 2145 1800 2179 te
1821 2138 1875 2178 illi

244 2212 397 2250 seruari
440 2225 565 2263 quam
610 2211 707 2250 mihi
750 2212 932 2264 inpendi.
996 2212 1188 2264 quotiens
1221 2217 1263 2250 te
1296 2210 1504 2249 inmodica
1536 2212 1596 2249 uis
1628 2209 1784 2249 doloris
1816 2210 1873 2249 in-

246 2282 395 2321 uaserit
438 2289 478 2321 et
520 2283 635 2335 sequi
676 2297 722 2323 se
763 2282 944 2331 iubebit,
988 2288 1150 2336 patrem
1193 2282 1344 2333 cogita.
1407 2282 1468 2320 cui
1511 2288 1554 2320 tu
1598 2282 1766 2333 quidem
1809 2286 1874 2320 tot

245 2360 419 2405 nepotes
461 2360 802 2407 pronepotesque
844 2355 985 2393 dando
1029 2353 1220 2401 effecisti,
1263 2367 1315 2392 ne
1348 2353 1466 2392 unica
1499 2366 1635 2391 esses:
1679 2365 1871 2391 consum-

246 2425 374 2463 matio
417 2430 557 2464 tamen
601 2426 748 2465 aetatis
791 2431 909 2464 actae
942 2424 1111 2464 feliciter
1143 2425 1181 2462 in
1214 2430 1256 2463 te
1288 2425 1468 2463 uertitur.
1532 2423 1600 2462 illo
1633 2423 1728 2462 uiuo
1761 2421 1874 2461 nefas

245 2500 308 2534 est
340 2501 392 2542 te,
425 2496 540 2547 quod
575 2496 737 2544 uixeris,
769 2496 895 2548 queri.

245 2610 260 2643 ·l
286 2613 354 2644 Al.
478 2614 497 2641 li
518 2613 588 2643 furit
612 2612 718 2646 Gerlz
739 2617 869 2646 temere
996 2612 1006 2645 ἶ
1030 2613 1151 2643 ilai-ita>-
1277 2613 1316 2644 10
1343 2611 1540 2652 garrulililas
1669 2610 1705 2642 12
1733 2594 1873 2642 (olendu

392 2670 430 2703 13
467 2672 537 2702 nuic
689 2672 722 2704 14
762 2674 843 2715 post
869 2683 984 2713 querar
1011 2681 1146 2704 camma
1172 2682 1240 2703 non
1262 2675 1434 2714 punctum
1460 2669 1581 2714 posui!
1610 2669 1715 2702 Gerl:

252 2742 288 2774 17
317 2746 424 2783 posset
444 2743 468 2783 (l
487 2742 520 2775 in
540 2742 629 2785 ras.)
755 2742 795 2776 18
822 2743 946 2784 pupilla
972 2744 1055 2773 lianc
1184 2742 1221 2774 1⁴.»
1250 2725 1320 2783 1³81x
1332 2742 1460 2772 efficere
1486 2742 1652 2785 (praeter
1671 2752 1713 2781 po
1731 2739 1765 2773 ln
1784 2738 1872 2781 ras.)

388 2802 426 2834 2³1
459 2813 621 2843 compone
743 2803 785 2835 22
813 2806 975 2833 assuescat
1002 2800 1140 2845 (prima
1167 2813 1179 2831 s
1203 2800 1312 2841 corr.)
1436 2800 1475 2833 Ξῖ
1506 2801 1629 2831 solacia
1656 2799 1689 2840 (a
1709 2803 1873 2832 est'lrema

246 2859 279 2893 ln
307 2859 394 2904 νας.)
516 2862 559 2893 29
587 2862 731 2903 impendi
853 2861 890 2893 :51
923 2861 1127 2892 consumatio
1249 2861 1292 2891 :515
1320 2860 1408 2902 queri

1901 946 1920 975 li

1901 1228 1921 1261 7

1901 1586 1921 1613 Η
