1977 3231
605 159 709 187 DIAL.
731 160 764 188 V.
804 162 856 187 DE
878 162 944 188 IRA
966 163 1037 192 LIB.
1061 165 1112 192 111.
1155 167 1195 196 19.
1217 169 1260 194 20.
1664 175 1741 215 103

120 266 204 305 quo
236 256 419 295 notiores
451 262 556 303 sunt,
589 257 679 309 plus
711 260 749 298 in
782 261 1023 313 exemplum
1057 266 1481 318 emendationemque
1513 267 1742 319 proficiant.

74 334 93 367 3
122 330 161 363 et
193 323 275 364 hoc
307 324 401 365 loco
433 328 751 379 respondebitur
794 332 916 371 mihi:
952 334 1067 385 quod
1100 340 1217 375 tanto
1255 349 1385 388 opere
1416 337 1648 387 admiraris,
1680 341 1744 379 isti

68 1750 87 1781 δέ

119 393 267 435 beluae
318 398 570 438 cotidianum
615 406 687 439 est.
760 402 814 441 ad
857 402 938 442 1100
980 405 1097 453 uiuit,
1146 406 1200 445 ad
1242 406 1324 447 hoc
1365 407 1526 460 uigilat,
1568 410 1621 449 ad
1661 409 1743 450 hoc

118 464 316 506 lucubrat.
378 481 504 508 nemo
538 475 650 510 certe
682 473 910 512 inuenietur
941 473 1052 523 alius,
1084 477 1153 528 qui
1183 478 1447 529 imperauerit
1471 480 1663 520 omnibus
1686 482 1741 529 iis,

117 537 156 575 111
188 550 293 589 quos
326 540 599 580 animaduerti
630 542 819 591 iubebat,
863 558 910 583 os
944 547 1095 585 inserta
1126 550 1304 600 spongia
1336 549 1503 599 includi,
1545 565 1597 591 ne
1629 553 1742 592 uocis

118 609 373 649 emittendae
414 609 616 651 haberent
656 612 908 655 facultatem.
971 618 1034 656 cui
1076 631 1275 671 umquam
1319 622 1520 661 morituro
1564 637 1647 662 non
1681 629 1743 663 est

117 678 303 719 relictum
336 694 417 732 qua
439 686 656 733 gemeret?
699 686 844 734 timuit,
878 699 930 725 ne
951 701 1076 739 quam
1100 687 1333 729 liberiorem
1357 704 1506 731 uocem
1530 699 1743 733 extremus

117 748 239 789 dolor
281 752 480 800 mitteret,
525 767 577 793 ne
619 756 716 807 quid
759 758 873 809 quod
917 757 1047 798 nollet
1089 761 1260 800 audiret.
1322 762 1480 803 sciebat
1513 770 1651 803 autem
1685 767 1741 804 in-

116 821 386 862 numerabilia
418 836 519 872 esse,
552 838 660 877 quae
692 826 857 867 obicere
880 827 931 867 illi
953 843 1079 869 nemo
1102 832 1174 870 nisi
1196 833 1400 883 periturus
1422 835 1594 874 auderet
1649 850 1742 875 cum

115 893 317 943 spongiae
358 907 442 933 non
484 896 776 945 inuenirentur‚
820 900 948 939 scindi
993 903 1240 942 uestimenta
1272 905 1517 944 miserorum
1551 912 1591 945 et
1624 908 1662 945 in
1696 921 1743 947 os

115 959 245 1002 farciri
286 976 450 1015 pannos
489 966 731 1018 imperauit:
787 983 893 1021 quae
935 972 1013 1010 ista
1055 974 1225 1013 saeuitia
1257 977 1348 1014 est?
1401 975 1521 1016 liceat
1553 976 1741 1017 ultimum

114 1027 300 1084 spiritum
331 1034 507 1074 trahere.
570 1038 624 1076 da
655 1040 841 1079 exiturae
873 1043 1035 1081 animae
1067 1042 1217 1083 locum.
1269 1044 1389 1085 liceat
1421 1045 1531 1086 illam
1564 1061 1646 1087 non
1669 1062 1743 1101 per

115 1103 262 1143 uolnus
307 1106 507 1146 emittere.
581 1109 745 1149 adicere
787 1110 848 1150 his
893 1111 1065 1164 longum
1110 1121 1188 1163 est,
1237 1117 1352 1168 quod
1393 1124 1534 1170 patres
1576 1133 1744 1171 quoque

115 1175 347 1214 occisorum
380 1176 528 1216 eadem
559 1185 685 1219 nocte
717 1181 894 1221 dimissis
926 1197 1000 1236 per
1034 1185 1188 1224 domos
1211 1175 1518 1228 centurionibus
1541 1189 1738 1229 confecit:

114 1245 155 1283 id
186 1251 267 1294 est,
309 1245 440 1286 homo
474 1250 706 1290 misericors
745 1251 854 1292 luctu
887 1253 1084 1295 liberauit.
1146 1270 1231 1296 non
1264 1259 1373 1298 enim
1407 1259 1484 1299 Gai
1515 1261 1740 1310 saeuitiam,

114 1316 187 1354 sed
219 1318 312 1365 irae,
346 1321 608 1371 propositum
642 1328 704 1361 est
737 1323 997 1364 describere:
1045 1340 1152 1379 quae
1174 1341 1257 1367 non
1280 1334 1441 1369 tantum
1477 1332 1624 1370 uiritim
1648 1331 1741 1372 furit

113 1387 188 1426 sed
230 1394 377 1439 gentes
420 1395 532 1430 totas
571 1391 765 1441 lancinat,
807 1396 881 1434 sed
915 1395 1037 1435 urbes
1070 1403 1112 1436 et
1145 1397 1314 1439 flumina
1346 1406 1387 1440 et
1419 1406 1508 1441 tuta
1540 1402 1594 1441 ab
1628 1403 1741 1443 omni

114 1470 236 1497 sensu
268 1459 424 1499 doloris
458 1462 744 1505 conuerberat.

234 1528 328 1569 XX.
380 1529 448 1570 Sic
489 1546 564 1571 rex
607 1533 824 1575 Persarum
867 1538 994 1577 totius
1035 1539 1178 1591 populi
1210 1555 1329 1581 nares
1362 1544 1504 1583 recidit
1536 1545 1574 1583 in
1607 1543 1739 1596 Syria⁷

116 1600 226 1638 unde
258 1600 540 1643 Rhinocolura
572 1603 666 1644 loco
700 1620 855 1646 nomen
889 1615 961 1648 est.
1024 1613 1259 1662 pepercisse
1291 1612 1403 1652 illum
1425 1615 1589 1663 iudicas,
1622 1617 1737 1668 quod

115 1682 201 1708 non
243 1676 334 1710 tota
377 1675 512 1725 capita
554 1677 780 1726 praecidit?
840 1691 951 1718 nouo
994 1693 1147 1731 genere
1189 1696 1353 1734 poenae
1395 1684 1625 1726 delectatus
1665 1693 1738 1727 est.

114 1739 196 1779 tale
247 1741 398 1794 aliquid
450 1746 560 1796 passi
602 1745 737 1786 forent
780 1748 1039 1802 AethiopeS,
1091 1754 1160 1804 qui
1202 1753 1258 1792 ob
1301 1753 1588 1807 longissimum
1633 1759 1740 1798 uitae

114 1812 293 1862 spatium
327 1813 617 1856 Macrobiotae
659 1818 932 1870 adpellantur.
995 1823 1032 1861 in
1065 1822 1142 1861 hos
1175 1825 1302 1872 enim,
1345 1828 1439 1878 quia
1471 1840 1555 1866 non
1588 1829 1740 1880 supinis

116 1882 304 1922 manibus
347 1894 602 1937 exceperant
642 1891 884 1930 seruitutem
928 1894 1143 1945 missisque
1185 1894 1330 1947 legatis
1372 1896 1501 1937 libera
1539 1911 1740 1951 responsa

1767 1271 1795 1296 15

1759 1625 1792 1649 20

115 1953 330 2002 dederant,
363 1969 470 2007 quae
502 1959 804 2001 contumeliosa
837 1975 956 2014 reges
989 1970 1160 2013 uocant,
1193 1965 1429 2018 Cambyses
1462 1967 1666 2009 fremebat
1700 1977 1740 2010 et
1761 1978 1794 2002 2³»

113 2036 197 2062 non
229 2026 402 2075 prouisis
435 2030 754 2079 commeatibus,
777 2024 871 2071 ‘non
904 2033 1133 2086 exploratis
1165 2037 1386 2087 itineribus,
1419 2053 1493 2092 per
1516 2041 1631 2089 inuia,
1666 2055 1740 2093 per

113 2097 269 2134 arentia
310 2096 504 2138 trahebat
548 2113 717 2140 omnem
760 2102 872 2142 bello
916 2104 1057 2144 utilem
1100 2107 1285 2156 turbam,
1330 2110 1393 2148 cui
1424 2111 1530 2150 intra
1561 2113 1739 2163 primum

113 2164 189 2203 iter
230 2166 403 2207 deerant
436 2171 666 2210 necessaria
698 2186 774 2212 nec
806 2176 1026 2227 quicquam
1059 2177 1399 2219 subministrabat
1431 2181 1576 2221 sterilis
1608 2189 1649 2222 et
1682 2183 1738 2222 in-

112 2234 222 2275 culta
253 2236 520 2292 humanoque
552 2241 697 2292 ignota
730 2244 906 2295 uestigio
939 2248 1065 2298 regio.
1127 2249 1386 2290 sustinebant
1419 2250 1572 2292 famem
1605 2254 1739 2305 primo

111 2307 335 2347 tenerrima
377 2307 584 2350 frondium
618 2319 659 2352 et
690 2315 903 2354 cacumina
935 2317 1145 2367 arborum,
1187 2325 1275 2359 tum
1310 2322 1422 2361 coria
1454 2325 1548 2374 igne
1581 2324 1738 2364 mollita

112 2382 154 2415 et
206 2379 404 2431 quidquid
456 2384 679 2422 necessitas
729 2384 865 2424 cibum
910 2386 1075 2428 fecerat.
1147 2396 1372 2443 postquam
1416 2393 1521 2433 inter
1563 2394 1739 2435 harenas

119 2575 126 2607 1
159 2578 438 2617 quonotioressunt
576 2584 904 2627 emendationemque
1040 2589 1058 2619 ‹;
1087 2600 1226 2631 unquam
1253 2590 1307 2634 (un
1334 2594 1443 2629 corr.)
1573 2596 1593 2625 S
1621 2596 1738 2636 nequid

112 2635 147 2675 (d
173 2635 283 2678 cor'r.)
431 2639 469 2672 11
499 2641 612 2681 seuitia
762 2644 800 2676 12
827 2646 964 2686 111111111113
1088 2647 1127 2680 153
1161 2659 1207 2691 q÷÷
1354 2651 1395 2684 15
1423 2653 1454 2683 id
1481 2658 1527 2684 est
1554 2651 1735 2688 sllurelusz

112 2705 202 2737 adest
330 2691 411 2740 luctu
546 2711 584 2744 15
612 2712 675 2743 Gai
704 2714 752 2755 (in
779 2725 891 2759 marq.
921 2727 965 2749 m.
993 2719 1011 2749 4
1040 2728 1069 2752 c.
1096 2720 1176 2760 gaji)
1317 2720 1361 2755 ’18
1387 2725 1613 2755 comuerberat

111 2763 151 2796 21
182 2775 286 2805 penae
407 2766 450 2801 222
477 2769 582 2801 forent
608 2772 754 2814 ethiopes
781 2774 877 2818 (post
904 2775 1005 2806 forent
1031 2778 1120 2819 ras.)
1264 2779 1306 2813 23
1334 2783 1574 2826 macrobiotae]
1603 2795 1675 2815 mac
1703 2796 1738 2814 1·‹›

111 2822 188 2864 bide
332 2827 534 2867 appellantur
678 2830 721 2863 20·
757 2833 914 2873 periinuia
949 2834 971 2875 (i
1003 2835 1123 2879 prima
1157 2836 1240 2879 del.)
1394 2840 1438 2873 ‘28
1472 2842 1736 2874 subministrabat

111 2880 145 2922 (b
168 2881 289 2925 prima
312 2888 447 2927 puncto
473 2891 595 2921 notata
621 2893 653 2921 el
679 2899 793 2934 supra
820 2903 837 2922 u
862 2892 981 2936 posim
1008 2892 1152 2938 lineola)

1759 2332 1792 2356 30
