1977 3231
417 169 706 195 CONTVMELIAM
733 168 929 194 ACCIPERE
955 168 1192 195 SAPIENTEM.
1220 167 1328 193 xvm.
1356 167 1437 194 XlX.
1682 171 1737 209 35

114 268 284 319 quando
318 265 443 305 etiam
476 265 723 305 salutaribus
755 280 840 305 non
873 278 1149 313 occurremus,
1183 266 1284 304 dum
1307 263 1518 304 muliebris
1540 276 1617 302 nos
1641 276 1739 302 cura

115 338 230 390 angit
271 336 423 389 aliquid
465 343 613 376 contra
653 337 838 376 animum
879 337 1084 375 audiendi.
1154 335 1377 387 aliquando
1421 335 1547 374 etiam
1590 334 1740 373 obirati

114 407 358 460 potentibus
401 408 649 459 detegemus
682 407 792 447 hunc
823 406 1034 446 adfectum
1068 406 1358 458 intemperanti
1390 404 1590 444 libertate.
1654 417 1740 442 non

115 484 179 517 est
210 485 351 517 autem
383 477 551 517 libertas
584 477 681 516 nihil
713 478 808 530 pati.
843 477 1030 516 fallimur.
1093 476 1262 515 libertas
1295 481 1357 515 est
1389 476 1572 514 animum
1596 487 1737 527 super-

114 561 272 602 ponere
303 548 453 587 iniuriis
477 555 527 588 'et
558 562 652 587 eum
675 548 810 587 facere
833 561 888 595 se,
921 561 975 586 ex
998 561 1082 599 quo
1105 546 1196 586 solo
1218 546 1294 585 sibi
1316 546 1539 598 gaudenda
1563 545 1739 591 ueniant,

116 619 326 658 exteriora
358 618 553 658 diducere
585 632 609 658 a
640 632 696 666 se,
728 633 780 658 ne
813 618 993 670 inquieta
1025 618 1189 669 agenda
1221 617 1272 656 sit
1304 617 1387 655 uita
1416 616 1603 655 omnium
1627 616 1739 662 risus,

115 690 302 728 omnium
325 689 483 741 linguas
505 683 694 728 timentis
730 689 820 740 quis
843 689 952 727 enim
976 693 1050 735 est,
1083 687 1151 739 qui
1182 701 1266 726 non
1288 687 1420 739 possit
1443 685 1740 725 contumeliam

69 764 75 770 “
116 758 262 808 facere,
295 761 327 799 si
358 761 577 812 quisquam
609 758 779 812 potest?
833 760 997 798 diuerso
1029 765 1170 797 autem
1203 758 1390 796 remedio
1420 763 1556 795 utetur
1578 757 1741 808 sapiens

115 829 432 883 adsectatorque
473 831 718 883 sapientiae:
774 829 1007 882 inperfectis
1050 829 1157 868 enim
1201 834 1243 867 et
1274 828 1412 867 adhuc
1444 829 1497 866 ad
1530 826 1741 878 publicum

115 915 159 940 se
203 901 396 940 iudicium
429 902 702 954 dirigentibus
735 901 818 940 hoc
850 900 1172 953 proponendum
1206 905 1269 939 est
1299 900 1404 938 inter
1435 898 1596 937 iniurias
1629 898 1741 949 ipsos

114 971 471 1024 contumeliasque
504 972 658 1012 debere
691 973 865 1011 uersari:
912 971 1052 1010 omnia
1083 970 1239 1010 leuiora
1270 970 1461 1009 accident
1483 968 1740 1020 expectanti-

114 1042 203 1081 bus.
265 1056 349 1094 quo
382 1043 555 1094 quisque
587 1043 803 1082 honestior
834 1055 999 1094 genere,
1032 1040 1153 1089 fama,
1186 1040 1438 1093 patrimonio
1472 1045 1551 1086 est,
1584 1038 1666 1077 hoc
1697 1051 1743 1077 se

114 1111 260 1152 fortius
301 1119 437 1163 gerat,
481 1126 645 1152 memor
686 1114 725 1152 in
766 1114 900 1165 prima
941 1113 1028 1151 acie
1069 1111 1175 1151 altos
1215 1112 1380 1150 ordines
1413 1116 1533 1149 stare.
1596 1115 1740 1148 contu-

115 1183 259 1222 melias
292 1190 333 1223 et
366 1183 494 1223 uerba
525 1184 732 1236 probrosa
765 1189 806 1222 et
839 1183 1085 1234 ignominias
1118 1188 1160 1221 et
1193 1188 1331 1221 cetera
1364 1181 1743 1220 dehonestamenta

115 1253 229 1292 uelut
280 1253 508 1293 clamorem
561 1254 744 1293 hostium
797 1253 902 1293 ferat
952 1260 993 1292 et
1035 1252 1262 1304 longinqua
1304 1251 1387 1290 tela
1429 1257 1469 1290 et
1509 1264 1614 1290 saxa
1655 1250 1742 1289 sine

116 1324 286 1363 uolnere
319 1325 424 1363 circa
462 1324 602 1376 galeas
627 1324 879 1377 crepitantia.
921 1324 1083 1363 iniurias
1105 1336 1205 1362 uero
1229 1329 1273 1362 ut
1295 1322 1477 1368 uolnera,
1509 1321 1587 1360 alia
1609 1321 1743 1368 armis,

115 1394 195 1434 alia
225 1396 385 1448 pectori
416 1395 555 1444 infixa,
588 1409 672 1434 non
705 1396 900 1443 deiectus,
934 1408 986 1433 ne
1019 1401 1160 1433 motus
1182 1394 1350 1445 quidem
1377 1393 1509 1444 gradu
1532 1392 1742 1431 sustineat.

117 1467 279 1505 etiamsi
320 1467 520 1517 premeris
559 1472 600 1505 et
641 1465 789 1505 infesta
827 1466 865 1504 ui
908 1463 1081 1517 urgeris,
1126 1466 1275 1504 cedere
1317 1470 1460 1503 tamen
1502 1470 1623 1515 turpe
1656 1468 1740 1501 est:

117 1537 384 1588 adsignatum
417 1550 440 1575 a
472 1543 619 1576 natura
650 1536 788 1575 locum
822 1542 947 1575 tuere.
1004 1536 1165 1587 quaeris
1198 1535 1287 1587 quis
1319 1534 1386 1573 hic
1407 1535 1458 1573 sit
1480 1533 1623 1573 locus?
1661 1532 1744 1571 uiri.

73 1618 86 1637 ι’
117 1607 290 1660 sapienti
322 1607 433 1646 aliud
465 1607 662 1647 auxilium
696 1613 758 1646 est
789 1607 883 1646 huic
911 1607 1174 1645 contrarium.
1226 1620 1303 1645 uos
1338 1606 1446 1643 enim
1481 1618 1570 1643 rem
1593 1603 1745 1655 geritis,

117 1676 169 1715 illi
210 1683 329 1730 parta
371 1679 541 1717 uictoria
582 1684 656 1717 est.
718 1691 770 1717 ne
812 1682 1042 1729 repugnate
1081 1682 1221 1716 uestro
1255 1676 1370 1714 bono
1403 1681 1444 1714 et
1477 1674 1584 1713 hanc
1615 1687 1747 1726 spem,

118 1749 218 1787 dum
264 1749 318 1788 ad
362 1762 507 1788 uerum
549 1749 811 1801 peruenistis‚
865 1747 960 1786 alite
1002 1748 1042 1786 in
1085 1747 1230 1786 animis
1272 1746 1533 1797 libentesque
1576 1745 1748 1784 meliora

117 1819 300 1871 excipite
332 1825 375 1858 et
408 1820 603 1872 opinione
636 1832 684 1858 ac
717 1824 819 1857 uoto
853 1819 1016 1857 iuuate:
1073 1831 1163 1856 esse
1195 1816 1373 1869 aliquem
1407 1816 1621 1863 inuictum,
1655 1828 1746 1854 esse

115 1890 318 1941 aliquem,
377 1891 417 1929 in
474 1895 612 1942 quem·
659 1889 757 1928 nihil
805 1889 971 1928 fortuna
1021 1889 1170 1941 possit,
1233 1901 1256 1926 e
1314 1886 1524 1940 republica
1585 1886 1748 1937 generis

117 1959 287 1999 humani
321 1966 394 1999 est.

118 2101 138 2133 ἴς)
166 2102 353 2145 gaudenda]
378 2111 425 2133 oze
450 2098 577 2133 ηιαησά
603 2100 650 2133 sic
675 2100 866 2139 sententia,
901 2098 1129 2132 adiciendum
1164 2108 1241 2132 esse
1268 2096 1412 2131 uidam·
1439 2097 1579 2127 dolenda

119 2160 139 2193 ti
167 2160 318 2191 diducere
339 2159 464 2193 Gertz:
495 2160 655 2190 deducere
831 2160 942 2189 risus*
1109 2158 1128 2190 §J
1156 2158 1358 2198 affectatorq3
1538 2155 1579 2188 ⁴12>
1607 2156 1749 2186 onestior

266 2219 304 2251 13
332 2218 651 2262 inlerpuncte‘onem
684 2218 849 2251 correxit
878 2215 1003 2258 Gertz,
1032 2214 1106 2260 fecit
1139 2220 1240 2257 gerat.
1276 2226 1402 2246 memor
1429 2241 1436 2248 .
1457 2241 1464 2248 .
1484 2240 1491 2246 .
1527 2219 1611 2245 stare
1637 2220 1750 2245 eontu-

118 2278 233 2309 melias
382 2278 421 2309 lb*
448 2278 576 2309 uulnere
720 2277 850 2308 uulnera
998 2276 1038 2308 18
1064 2275 1212 2306 infestaui
1244 2273 1275 2307 &
1310 2285 1423 2315 urgere
1579 2272 1617 2305 19
1644 2273 1748 2314 queris

237 2336 282 2370 ‘20
308 2342 353 2368 est
380 2336 483 2378 (ras.)
603 2336 646 2370 223
675 2336 812 2376 aliquem
840 2333 1022 2368 ,Μηνείηεε
1052 2335 1174 2375 aliquid
1287 2332 1329 2366 ‘24
1358 2344 1375 2363 e
1400 2344 1433 2364 re
1458 2332 1590 2373 publica
1615 2331 1749 2362 humani

117 2397 245 2437 generis
271 2400 317 2427 est
346 2394 471 2429 Curio:
502 2406 554 2426 ere
579 2395 711 2437 publica
737 2402 797 2428 est.
825 2395 951 2435 generis
977 2394 1109 2424 humani
1136 2396 1192 2426 est.

1766 914 1794 937 10

1764 1266 1794 1290 15

1766 1617 1799 1642 20
