2008 3221
231 117 284 142 ἒν)
595 110 700 136 DIAL.
730 108 766 134 11.
798 107 850 132 AD
878 105 1064 133 SERENVM
1091 104 1170 130 NEC
1198 103 1388 129 INIVRIAM
1417 102 1495 129 NEC

230 216 299 248 aut
332 214 491 247 tantam
525 206 648 246 animi
671 203 999 255 magnitudinem
1024 202 1184 240 cadere.
1228 201 1302 240 sed
1338 201 1398 253 [si]
1433 203 1574 254 prodit
1608 202 1648 240 in
1670 202 1856 242 medium

231 281 298 332 qui
343 280 480 318 dicat:
540 290 622 316 non
665 281 728 314 cst
770 274 886 326 quod
929 272 1117 320 dubites,
1163 285 1215 310 an
1257 271 1448 311 attollere
1481 286 1534 330 ‘se
1574 272 1703 312 homo
1736 279 1891 312 natus'

234 364 355 402 supra
388 349 569 387 humana
601 345 752 398 possit,
796 358 847 383 an
887 343 1076 390 dolores,
1121 342 1297 389 damna,
1341 341 1636 390 ulcerationes,
1679 343 1860 392 uolnera,

234 433 410 472 magnos
456 424 595 456 motus
638 428 774 454 rerum
810 415 927 456 ,circa
967 427 1013 452 se
1056 412 1319 452 frementium
1362 426 1530 452 securus
1575 415 1776 466 adspiciat
1821 420 1863 453 et

197 510 211 532 5
234 493 336 530 dura
369 489 530 542 placide
564 487 667 525 ferat
700 492 741 525 et
773 485 958 524 secunda
990 485 1230 531 moderate,
1273 496 1350 522 nec
1391 483 1466 523 illis
1506 486 1660 524 cedens
1693 498 1770 524 nec
1801 485 1863 524 his

185 861 214 885 ll!

185 1565 218 1589 20

234 562 380 605 fretus,
424 573 527 597 unus
570 558 766 608 idemque
810 556 915 595 inter
956 555 1119 594 diuersa
1161 554 1212 593 sit
1255 567 1331 593 nec
1369 555 1591 607 quicquam
1634 569 1754 596 suum
1789 556 1862 595 nisi

233 646 277 671 se
310 637 428 685 putet
462 643 575 677 esse,
618 642 662 667 se
704 641 872 679 quoque
915 640 964 665 ea
995 633 1135 679 parte,
1180 639 1262 677 qua
1295 625 1441 664 melior
1485 632 1572 665 est:
1620 640 1669 665 en
1713 627 1862 666 adsum

234 703 314 741 hoc
348 701 467 740 uobis
499 699 761 752 probaturus,
797 697 874 737 sub
907 698 986 737 isto
1019 703 1083 736 tot
1116 696 1341 736 ciuitatium
1382 710 1574 736 euersore
1608 698 1865 737 munimenta

237 775 399 812 incussu
433 771 568 809 arietis
610 769 793 809 labefieri
837 774 877 807 et
920 768 1092 807 turrium
1131 767 1393 807 altitudinem
1427 766 1621 807 cuniculis
1653 781 1701 807 ac
1732 767 1861 807 laten-

235 844 346 883 tibus
398 841 517 880 fossis
570 846 740 893 repente
795 839 986 878 desidere
1039 844 1079 877 et
1123 843 1396 890 aequaturum
1451 838 1697 877 editissimas
1750 852 1865 878 arces

1885 282 1904 314 ,3

235 926 435 966 aggerem
480 925 687 957 crescere,
731 916 772 949 at
815 909 926 948 nulla
969 909 1305 948 machinamenta
1347 922 1472 961 posse
1517 910 1704 962 reperiri,
1758 923 1898 962 quae>

235 986 343 1024 bene
376 982 590 1022 fundatum
624 982 807 1020 animum
842 981 1012 1032 agitent.
1076 980 1209 1033 erepsi
1249 980 1381 1019 modo
1414 994 1436 1018 e
1469 980 1590 1019 ruinis
1631 981 1783 1019 domus
1825 986 1866 1020 et

236 1054 431 1094 incendiis
466 1053 646 1104 undique
680 1051 957 1091 relucentibus
1002 1050 1193 1090 flammas
1226 1064 1299 1103 per
1331 1051 1575 1102 sanguinem
1610 1050 1703 1103 fugi.
1767 1051 1867 1091 filias

238 1139 352 1165 meas
385 1125 474 1176 quis
508 1137 626 1162 casus
660 1123 826 1170 habeat,
860 1136 911 1161 an
944 1122 1061 1175 peior
1098 1121 1265 1174 publico
1299 1122 1448 1160 nescio.
1512 1121 1624 1161 solus
1657 1127 1699 1161 et
1731 1123 1868 1162 senior

203 1213 216 1237 5
239 1203 279 1236 et
312 1195 478 1235 hostilia
511 1195 617 1233 circa
650 1208 717 1233 me
759 1193 900 1232 omnia
931 1192 1075 1231 uidens
1118 1198 1259 1231 tamen
1292 1192 1499 1243 integrum
1533 1192 1868 1245 incolumemque

239 1282 329 1307 csse
362 1279 533 1306 censum
566 1278 707 1304 meum
740 1264 966 1317 profiteor:
1014 1269 1161 1311 teneo,
1200 1262 1339 1302 habeo
1382 1263 1583 1315 quidquid
1617 1264 1698 1303 mei
1730 1263 1867 1303 habui.

236 1352 319 1377 non
363 1343 426 1377 est
465 1337 579 1388 quod
621 1350 687 1375 me
732 1336 886 1374 uictum
931 1334 1216 1386 uictoremque
1256 1339 1298 1373 te
1337 1335 1508 1373 credas:
1567 1335 1661 1374 uicit
1704 1334 1870 1374 fortuna

238 1416 307 1448 tua
342 1408 552 1447 fortunam
587 1420 739 1445 meam.
802 1405 959 1444 caduca
1001 1404 1067 1443 illa
1109 1410 1150 1444 et
1184 1405 1399 1443 dominum
1434 1405 1636 1444 mutantia
1679 1405 1748 1444 ubi
1790 1406 1869 1445 sint

238 1480 408 1518 nescio:
456 1478 571 1530 quod
615 1478 667 1516 ad
712 1490 777 1515 res
809 1490 926 1516 meas
958 1475 1157 1528 pertinet,
1192 1489 1356 1514 mecum
1390 1481 1506 1523 sunt,
1540 1489 1705 1515 mecum
1739 1482 1869 1516 erunt.

239 1550 509 1602 perdiderunt
544 1549 607 1587 isti
631 1548 778 1587 diuites
801 1547 1061 1599 patrimonia,
1095 1545 1300 1585 libidinosi
1323 1559 1489 1585 amores
1519 1560 1616 1585 suos
1650 1552 1691 1586 et
1714 1560 1869 1599 magno

239 1621 411 1672 pudoris
444 1620 639 1672 inpendio
673 1618 825 1657 dilecta
856 1623 1007 1665 scorta,
1040 1616 1249 1656 ambitiosi
1278 1617 1432 1656 curiam
1467 1623 1508 1656 et
1536 1617 1671 1656 forum
1705 1623 1746 1656 et
1779 1617 1872 1657 loca

240 1692 486 1731 exercendis
538 1691 576 1728 in
628 1688 796 1742 publico
851 1689 954 1728 uitiis
1009 1688 1216 1727 destinata
1228 1705 1236 1736 3
1295 1687 1549 1727 feneratores
1601 1688 1873 1740 perdiderunt

241 1761 428 1808 tabellas,
460 1761 609 1813 quibus
638 1760 808 1799 auaritia
840 1759 942 1798 falso
965 1758 1075 1798 laeta
1098 1759 1263 1799 diuitias
1286 1759 1559 1811 imaginatur:
1597 1772 1678 1810 ego
1701 1759 1871 1810 quidem

241 1833 382 1871 omnia
434 1833 593 1883 integra
647 1831 898 1882 inlibataque
940 1829 1089 1869 habeo.
1167 1830 1342 1883 proinde
1385 1830 1486 1869 istos
1528 1830 1761 1882 interroga,
1803 1830 1873 1881 qui

210 1921 224 1943 ς,
245 1902 363 1949 flent,
398 1902 697 1949 lamentantur,
743 1902 810 1953 qui
854 1901 1005 1941 strictis
1049 1900 1194 1953 gladiis
1237 1902 1350 1940 nuda
1380 1914 1457 1954 pro
1490 1901 1665 1954 pecunia
1697 1914 1875 1953 corpora

243 1980 482 2026 opponunt,
535 1974 604 2025 qui
657 1973 823 2012 hostem
878 1978 1053 2011 onerato
1106 1972 1193 2010 sinu
1237 1972 1407 2023 fugiunt.
1491 1985 1593 2023 ergo
1645 1972 1701 2011 ita
1752 1970 1872 2019 habe,

243 2044 420 2092 Serene,
479 2044 711 2097 perfectum
766 2043 877 2082 illum
930 2043 1083 2090 uirum,
1137 2042 1327 2082 humanis
1382 2042 1611 2094 diuinisque
1656 2042 1873 2082 uirtutibus

243 2115 409 2167 plenum
443 2115 537 2154 nihil
572 2116 758 2167 perdere.
822 2115 935 2153 bona
978 2114 1063 2153 eius
1102 2113 1241 2153 solidis
1285 2120 1325 2153 et
1369 2112 1751 2166 incxuperabilibus
1784 2127 1872 2152 mu-

244 2186 434 2224 nimentis
477 2187 711 2239 praecincta
752 2192 858 2225 sunt.
920 2199 1003 2224 non
1037 2184 1294 2237 Babylonios
1337 2184 1411 2223 illis
1455 2198 1596 2223 muros
1641 2183 1874 2232 contuleris,

254 2339 260 2370 l
292 2339 346 2368 sed
374 2336 426 2380 [sil
454 2339 561 2379 prodit
591 2336 759 2382 illudam:
796 2339 852 2369 sed
879 2339 903 2367 si
931 2338 1039 2379 prodit
1169 2338 1188 2368 ζ’»
1216 2338 1347 2368 uulnera
1487 2336 1493 2368 i
1525 2335 1651 2377 monins
1732 2334 1785 2369 De
1809 2334 1876 2368 lzoc

247 2408 263 2427 u
289 2394 417 2439 latislao
443 2395 584 2429 indicio.
613 2396 710 2440 quud
731 2396 917 2440 Detlcfsen
942 2397 975 2429 in
1004 2396 1116 2441 ipsum
1139 2394 1248 2429 l’lim'c'
1273 2399 1409 2430 lea‘lmn
1438 2394 1594 2434 susam-ie,
1621 2394 1668 2438 cll
1690 2393 1879 2428 Ribbeck-ii

248 2454 398 2487 indiam
425 2454 668 2500 liv-yile'mmmi
688 2468 726 2500 st.
754 2458 819 2488 41⁴.)
846 2460 879 2490 et
906 2454 1112 2490 Brambacle
1143 2454 1312 2499 Orlhoqr.
1334 2465 1372 2499 p.
1405 2456 1459 2487 131
1494 2464 1546 2498 sq.
1653 2455 1789 2494 aspiciat

1118 2519 1125 2537 ι
1509 2532 1514 2547 1

249 2561 267 2588 Ῑι
288 2562 404 2601 offlam
508 2561 514 2593 i
542 2575 618 2600 csse,
640 2576 672 2591 κς
693 2560 859 2604 ΔἶῘαιΙηίμε
883 2562 921 2594 ἐς
1026 2562 1031 2594 l
1050 2562 1055 2594 l
1089 2550 1218 2604 adnulla
1325 2560 1359 2591 11:
1380 2560 1525 2590 incendis
1545 2561 1567 2599 (i
1587 2560 1875 2612 rec.ffupvrscr.)

319 2616 323 2621 '
376 2619 406 2650 Ιί
438 2631 477 2649 an
506 2622 595 2660 peimi·
623 2622 771 2661 publi-su:
803 2620 960 2654 dedecus
983 2619 1182 2665 pudicitiae
1208 2618 1365 2653 uiolalrw
1390 2617 1550 2651 indicari
1571 2617 1720 2652 adnotat
1735 2617 1877 2663 Lipsius

934 2688 940 2703 l

376 2714 410 2745 lli
438 2715 589 2754 quicquid
713 2718 756 2747 ¹3⁴)
782 2716 936 2745 libidinos
964 2717 986 2753 (i
1015 2727 1058 2748 m.
1080 2714 1157 2759 pr.)
1281 2714 1319 2747 21
1354 2714 1519 2754 impendi·
1637 2713 1735 2744 dilect
1760 2724 1780 2742 -κ
1806 2725 1827 2743 -κ-
1855 2724 1874 2742 -x-

251 2770 299 2803 ((ἠ
328 2782 459 2804 rasura
487 2784 503 2801 a
530 2777 635 2802 scorta
663 2781 833 2816 apparel)
956 2773 996 2807 ‘li
1029 2775 1214 2815 illibataque
1336 2772 1378 2805 25»
1406 2772 1637 2810 lamentantur,
1664 2772 1717 2813 qui
1747 2770 1872 2805 Gertz:

250 2832 300 2871 qui
331 2831 392 2860 lani
419 2836 542 2861 utamur
661 2834 703 2864 ¹31¹·
732 2834 815 2863 habe
847 2831 913 2865 ΕΗ
945 2834 1046 2864 habes
1167 2834 1210 2865 ΒΗ
1238 2832 1402 2863 moninuis
1516 2834 1558 2863 2⁴.»
1587 2831 1646 2861 illis
1675 2830 1799 2863 Gertz:
1831 2831 1875 2860 illi

1895 1347 1915 1377 (i
