1977 3231
465 141 568 169 DlAL.
591 142 639 168 VI.
681 143 733 167 ΑΙ)
757 142 942 169 MARclAM
969 142 1017 167 l)}‹]
1038 142 1357 171 CONsoLA'l‘IONE.
1401 146 1423 171 1.
1676 150 1746 187 121

131 236 296 289 publica
339 234 613 278 monunienta
650 238 797 287 libros,
841 253 945 291 quos
985 240 1043 278 uir
1075 239 1139 279 ille
1171 239 1416 280 fortissimus
1448 243 1647 293 sanguine
1680 255 1754 281 suo

131 308 358 360 scripserat.
422 309 580 361 optime
621 312 806 350 meruisti
851 311 904 349 de
946 310 1147 350 Romanis
1170 312 1353 359 studiis,
1398 325 1552 363 magna
1593 312 1754 350 illorum

130 391 226 430 pars
258 385 424 418 arserat.
490 381 649 432 optime
682 381 734 420 de
767 381 955 433 posteris
987 382 1040 420 ad
1073 395 1177 433 quos
1201 382 1337 422 ueniet
1360 383 1597 435 incorrupta
1620 395 1755 421 rerum

129 448 234 488 fides
277 450 434 489 auctori
477 463 552 490 suo
596 464 751 504 magno
795 452 991 503 inputata.
1056 452 1214 503 optime
1253 453 1306 492 de
1347 453 1457 505 ipso,
1501 454 1612 492 cuius
1645 453 1757 505 uiget

133 518 374 572 uigebitque
418 521 642 570 memoria,
685 521 880 574 quamdiu
925 522 963 560 in
1005 522 1139 574 pretio
1172 521 1292 562 fuerit
1324 523 1519 562 Romana
1552 523 1749 575 cognosci

131 591 329 641 quamdiu
362 591 580 644 quisquam
614 593 700 640 erit,
733 593 800 645 qui
830 593 978 632 reuerti
1001 592 1097 632 uelit
1119 593 1173 632 ad
1196 599 1289 632 acta
1311 594 1526 642 maiorum,
1559 595 1757 646 quamdiu

129 660 346 712 quisquam
388 662 456 714 qui
496 662 592 702 uelit
634 663 758 711 scire,
811 664 909 716 quid
952 663 1002 702 sit
1044 663 1104 702 uir
1142 663 1379 712 Romanus,
1434 665 1533 716 quid
1575 664 1756 704 subactis

128 730 208 769 iam
242 732 468 771 ceruicibus
501 735 688 773 omnium
721 740 762 773 et
805 735 859 773 ad
892 733 1156 774 Seianianum
1200 735 1339 786 iugum
1383 736 1539 774 adactis
1581 736 1755 774 indomi-

81 805 101 839 4
129 808 214 850 tus,
258 803 356 855 quid
398 803 449 843 sit
491 803 621 843 homo
664 805 851 856 ingenio,
895 805 1055 852 animo,
1099 818 1223 844 manu
1267 804 1378 844 liber.
1442 819 1641 858 magnum
1692 819 1757 845 me

128 872 316 913 hercules
358 874 655 914 detrimentum
701 876 932 927 respublica
975 882 1163 929 ceperat,
1220 877 1250 916 si
1294 876 1405 915 illum
1450 877 1506 916 ob
1549 878 1652 916 duas
1693 890 1758 916 res

128 944 423 996 pulcherrimas
466 945 504 983 in
539 945 791 985 obliuionem
826 948 1084 995 coniectum,
1124 947 1404 999 eloquentiam
1438 954 1479 986 et
1512 947 1758 995 libertatem,

129 1027 213 1053 non
245 1015 446 1055 eruisses:
489 1015 658 1068 legitur,
703 1017 845 1066 floret,
890 1019 928 1056 in
962 1031 1107 1058 manus
1140 1018 1378 1067 hominum,
1423 1019 1461 1057 in
1488 1024 1665 1071 pectora
1696 1032 1757 1058 re-

79 1085 88 1093 '
129 1092 272 1138 ceptus
306 1092 560 1126 uetustatem
594 1087 749 1127 nullam
782 1089 922 1128 timet:
960 1094 1001 1128 at
1033 1088 1194 1128 illorum
1228 1088 1464 1128 carnificum
1498 1090 1579 1129 cito
1603 1088 1759 1128 scelera

82 1160 100 1189 ἵ)
128 1170 314 1209 quoque,
369 1158 518 1209 quibus
560 1158 657 1198 solis
707 1161 953 1198 memoriam
1006 1166 1268 1207 meruerunt,
1322 1160 1582 1200 tacebuntur.
1655 1159 1760 1199 haec

128 1228 376 1278 magnitudo
410 1230 534 1268 animi
568 1230 626 1269 tui
661 1231 791 1269 uetuit
825 1243 891 1269 me
915 1231 968 1270 ad
991 1243 1140 1269 sexum
1164 1236 1280 1269 tuum
1304 1231 1518 1283 respicere,
1552 1231 1682 1270 uetuit
1704 1231 1758 1269 ad

128 1297 311 1346 uoltum,
356 1313 481 1350 quem
524 1306 591 1340 tot
631 1314 834 1339 annorum
868 1302 1064 1340 continua
1096 1302 1280 1349 tristitia,
1325 1307 1370 1341 ut
1402 1301 1531 1340 semel
1566 1301 1759 1350 obduxit,

127 1374 255 1408 tenet.
319 1376 360 1409 et
403 1370 519 1418 uide,
564 1385 689 1422 quam
733 1385 818 1410 non
861 1371 1084 1424 subrepam
1118 1371 1191 1411 tibi
1224 1385 1300 1411 nec
1333 1371 1485 1412 furtum
1520 1372 1654 1412 facere
1687 1373 1756 1412 ad-

127 1438 302 1479 fectibus
343 1442 422 1479 tuis
465 1443 675 1492 cogitem:
724 1443 894 1493 antiqua
933 1441 1041 1481 mala
1072 1443 1110 1481 in
1145 1444 1392 1482 memoriam
1428 1444 1597 1491 reduxi,
1641 1450 1682 1483 et
1715 1450 1759 1483 ut

127 1511 253 1549 scires
294 1510 402 1550 hanc
443 1525 611 1564 quoque
652 1511 821 1564 plagam
867 1526 958 1551 esse
1000 1513 1252 1560 sanandam,
1302 1514 1467 1553 ostendi
1511 1513 1585 1553 tibi
1629 1526 1760 1566 aeque

129 1583 267 1632 magni
302 1581 481 1621 uolneris
512 1583 745 1622 cicatricem
812 1583 877 1622 alii
902 1585 1041 1635 itaque
1065 1583 1245 1623 molliter
1267 1591 1394 1635 agant
1418 1591 1459 1624 et
1482 1584 1757 1632 blandiantur,

127 1665 209 1703 ego
243 1652 470 1704 confligere
502 1667 596 1692 cum
629 1660 703 1693 tuo
738 1667 929 1693 maerore
952 1656 1147 1694 constitui
1171 1660 1212 1693 et
1235 1653 1422 1694 defessos
1445 1654 1758 1709 exhaustosque

127 1722 280 1770 oculos,
312 1724 345 1762 si
378 1737 522 1762 uerum
556 1725 627 1772 uis,
661 1726 796 1776 magis
818 1726 899 1764 iam
923 1738 976 1764 ex
1001 1725 1298 1764 consuetudine
1321 1739 1446 1777 quam
1471 1739 1524 1764 ex
1549 1726 1757 1765 desiderio

127 1792 290 1833 fluentis
333 1794 579 1842 continebo,
625 1796 657 1834 si
698 1794 785 1835 fieri
828 1797 1030 1847 potuerit,
1074 1795 1240 1835 fauente
1282 1802 1324 1836 te
1356 1796 1549 1835 remediis
1582 1798 1683 1844 tuis,
1727 1798 1758 1836 si

128 1865 272 1912 minus,
306 1864 370 1903 uel
402 1866 547 1913 inuita,
581 1871 724 1905 teneas
758 1865 852 1906 licet
885 1872 927 1906 et
959 1866 1211 1919 amplexeris
1245 1866 1436 1906 dolorem
1469 1873 1599 1915 tuum,
1632 1880 1757 1919 quem

80 1936 100 1969 6
127 1935 200 1974 tibi
232 1936 271 1974 in
305 1934 371 1975 filii
405 1935 544 1975 locum
577 1938 843 1988 superstitem
877 1936 1019 1976 fecisti.
1082 1939 1172 1989 quis
1205 1939 1314 1976 enim
1348 1939 1423 1977 erit
1456 1937 1572 1977 finis?
1616 1940 1756 1977 omnia
1796 1949 1810 1971 5

126 2007 165 2044 in
209 2019 510 2058 superuacuum
553 2013 763 2059 temptata
795 2014 914 2047 sunt:
961 2007 1162 2059 fatigatae
1194 2007 1484 2048 adlocutiones
1518 2009 1757 2056 amicorum,

128 2079 397 2117 auctoritates
441 2091 690 2129 magnorum
733 2085 774 2117 et
817 2078 1013 2117 adfinium
1056 2078 1130 2118 tibi
1175 2080 1381 2118 uirorum:
1439 2079 1597 2127 studia,
1640 2079 1756 2119 here-

128 2147 320 2186 ditarium
354 2154 395 2187 et
428 2154 646 2199 paternum
680 2148 851 2195 bonum,
885 2150 1031 2188 surdas
1064 2163 1182 2188 aures
1206 2151 1327 2189 inrito
1350 2156 1391 2189 et
1414 2151 1484 2188 uix
1508 2151 1561 2189 ad
1585 2150 1756 2189 breuem

129 2219 449 2270 occupationem
494 2218 737 2270 proficiente
781 2219 937 2258 solacio
981 2226 1206 2259 transeunt.
1270 2219 1369 2259 illud
1402 2222 1536 2272 ipsum
1570 2221 1756 2260 naturale

130 2391 148 2424 4
178 2394 332 2434 imputata
469 2395 591 2434 optime
624 2395 681 2436 (op
707 2394 740 2427 in
770 2396 859 2435 ras.)
1010 2395 1050 2427 111
1085 2397 1207 2426 res-P·
1329 2400 1482 2437 coeperat
1605 2408 1652 2427 res
1678 2395 1757 2430 cod.

130 2458 211 2482 artes
233 2450 405 2494 Muretus,
425 2463 528 2496 quem
548 2451 698 2498 Madvig]
716 2455 890 2497 seqnitur,
919 2452 1090 2498 deceptus
1113 2452 1275 2487 Fe'clccrle'
1298 2453 1431 2487 indicio
1536 2456 1563 2487 11
1599 2457 1757 2486 coiectum

232 2511 270 2543 12
298 2512 389 2542 floret
416 2510 632 2545 deteriores:
663 2514 752 2544 ilorci
875 2512 905 2544 11
938 2514 1127 2544 tacebuntur
1156 2512 1280 2545 Curio:
1309 2515 1459 2544 iacebunt
1574 2515 1609 2546 113
1637 2515 1755 2545 uultum

131 2569 253 2613 (prior
279 2581 297 2600 u
324 2569 358 2602 in
385 2571 473 2612 ras.)
614 2571 653 2604 li
689 2573 856 2603 affectibus
997 2572 1033 2603 ΙΝ
1068 2576 1096 2602 et
1123 2576 1153 2602 ul
1180 2573 1278 2602 scires
1307 2571 1512 2606 Scllnllc’ssx
1550 2580 1578 2604 et
1605 2574 1651 2603 uis
1677 2575 1758 2603 scire

247 2627 282 2660 19
310 2640 389 2670 εῳις
503 2628 547 2662 720
573 2631 711 2662 uulneris
824 2632 867 2664 ⁴32>
895 2632 961 2662 iam
990 2632 1089 2674 (post
1114 2629 1207 2664 lemae
1232 2640 1353 2664 uocem
1381 2630 1509 2665 cluet-la
1537 2631 1665 2664 uillosa
1692 2633 1756 2673 est)

263 2687 307 2720 211
343 2688 476 2729 fatigate
638 2691 836 2728 amicorum,
873 2691 1080 2721 auctoritates
1108 2717 1114 2725 ,
1140 2717 1146 2723 .
1174 2691 1336 2721 uirorum:
1372 2689 1490 2732 studia]
1525 2690 1618 2723 Imm·
1651 2690 1756 2723 inler-

126 2746 354 2790 punclz'onem
391 2747 616 2791 superiorum
652 2748 828 2781 editorum
864 2748 1027 2781 inmerito
1062 2746 1284 2792 reliqueram
1310 2747 1457 2782 Ficlrerl
1484 2754 1515 2781 ι’]
1547 2749 1681 2784 Haase,
1709 2748 1758 2781 lla

131 2804 390 2849 distinqueules
416 2807 606 2841 amicorum.
635 2809 842 2838 auctoritate„-
868 2835 874 2841 ,
907 2835 913 2841 ,
941 2809 1102 2845 uirorum,
1129 2808 1234 2837 studia
1371 2809 1414 2840 ¹29
1450 2809 1636 2849 proliciente
1664 2807 1756 2840 (lele-

130 2863 267 2897 re'orum
294 2874 386 2898 unus
412 2869 445 2898 et
470 2864 582 2898 ulter:
614 2867 817 2907 proficientes

1782 889 1810 913 10

1782 1242 1811 1266 15

1779 1594 1812 1618 20
