1977 3231
341 120 446 149 DIAL.
468 120 519 148 IX.
559 122 613 147 AD
635 120 821 147 SERENVM
842 122 894 147 DE
913 118 1265 154 TRANQVILLITATE
1285 117 1413 146 ΑΝΙΜΙ.
1448 119 1475 144 9.
1638 120 1720 160 207

101 220 233 269 paruo
264 223 410 270 parata
437 218 622 256 remedia
653 216 863 264 adhibere,
895 230 990 269 spes
1013 217 1234 256 effrenatas
1257 221 1299 255 et
1320 216 1503 254 animum
1526 215 1566 253 in
1588 212 1724 253 futura

101 289 373 326 inminentem
406 286 518 326 uelut
550 287 627 326 sub
660 286 830 326 uinculis
861 287 1029 333 habere,
1060 287 1102 326 id
1135 299 1271 338 agere,
1304 291 1348 324 ut
1370 286 1533 324 diuitias
1555 297 1580 323 a
1601 283 1723 322 nobis

101 358 239 409 potius
270 370 397 408 quam
427 370 452 395 a
480 356 645 396 fortuna
666 363 871 409 petamus.
914 370 998 395 non
1021 362 1164 408 potest
1186 368 1384 407 umquam
1406 361 1525 394 tanta
1547 354 1723 393 uarietas

101 433 143 466 et
174 428 366 478 iniquitas
399 439 569 466 casuum
602 429 659 466 ita
691 426 854 479 depelli,
886 432 931 466 ut
963 440 1048 465 non
1081 425 1257 465 multum
1286 424 1562 476 procellarum
1590 426 1724 464 inruat

102 510 255 548 magna
287 503 548 536 armamenta
581 497 871 550 pandentibus.
935 497 1154 547 cogendae
1186 497 1226 534 in
1258 501 1392 534 artum
1425 508 1489 534 res
1521 501 1636 541 sunt,
1680 500 1724 534 ut
1744 503 1758 525 ⁵

101 566 184 606 tela
224 568 264 606 in
307 580 458 606 uanum
501 568 665 607 cadant.
727 567 907 618 ideoque
949 566 1074 605 exilia
1112 567 1277 605 interim
1311 565 1654 617 calamitatesque
1685 567 1725 603 in

101 637 330 676 remedium
370 651 531 677 cessere
570 644 612 677 et
643 636 867 676 leuioribus
899 637 1180 676 incommodis
1213 637 1405 687 grauiora
1437 641 1584 674 sanata
1614 641 1720 681 sunt,

100 706 170 746 ubi
218 720 363 759 parum
411 708 527 747 audit
574 712 801 759 praecepta
849 708 1009 746 animus
1058 719 1134 745 nec
1182 707 1312 745 curari
1361 705 1523 744 mollius
1571 711 1724 757 potest.

101 778 271 829 quidni?
325 777 550 817 consulitur
582 779 640 824 ei,
681 778 715 816 si
747 782 971 828 paupertas
1005 777 1062 822 ei,
1105 776 1352 827 ignominia,
1395 788 1531 814 rerum
1564 777 1724 814 euersio

101 846 336 887 adhibetur.
389 847 500 886 malo
524 846 680 886 malum
705 847 939 899 opponitur.
989 846 1285 885 adsuescamus
1308 858 1409 896 ergo
1433 857 1579 884 cenare
1600 857 1727 896 posse
1748 850 1779 875 ¹0

101 919 189 956 sine
219 916 378 969 populo
411 923 453 957 et
484 918 612 956 seruis
644 916 910 968 paucioribus
943 917 1095 955 seruire
1127 921 1169 954 et
1201 920 1339 954 uestes
1370 928 1517 967 parare
1548 916 1588 953 in
1610 915 1726 966 quod

101 987 294 1026 inuentae
325 993 421 1026 sunt
453 994 495 1026 et
527 986 716 1026 habitare
739 987 1003 1026 contractius.
1056 999 1140 1024 non
1162 986 1202 1024 in
1225 999 1344 1024 cursu
1365 990 1528 1024 tanturn
1552 985 1726 1036 circique

103 1059 342 1104 certamine,
375 1057 449 1096 sed
481 1059 521 1096 in
553 1057 616 1096 his
647 1056 790 1108 spatiis
822 1058 933 1096 uitae
964 1056 1132 1095 interius
1161 1055 1413 1094 flectendum
1442 1059 1515 1094 est.
1567 1055 1725 1094 studio-

102 1140 193 1166 rum
226 1141 393 1179 quoque
424 1141 531 1179 quae
563 1126 847 1166 liberalissima
877 1127 1050 1178 inpensa
1071 1134 1142 1172 est,
1175 1126 1335 1164 tamdiu
1358 1126 1564 1164 rationem
1587 1124 1728 1171 habet,

102 1198 301 1249 quamdiu
324 1198 511 1237 modum.
553 1210 637 1249 quo
660 1196 980 1236 innumerabiles
1003 1195 1130 1234 libros
1152 1200 1193 1234 et
1216 1194 1521 1246 bybliothecas,
1553 1208 1727 1247 quarum
1749 1200 1780 1226 15

103 1268 295 1306 dominus
337 1267 407 1306 uix
449 1273 540 1307 tota
581 1268 666 1306 uita
704 1267 858 1306 indices
897 1266 1098 1318 perlegit?
1153 1272 1299 1316 onerat
1332 1266 1563 1305 discentem
1596 1266 1728 1313 turba,

103 1351 188 1377 non
235 1338 416 1386 instruit,
465 1337 682 1389 multoque
728 1339 857 1377 satius
900 1343 963 1376 est
1006 1337 1146 1389 paucis
1188 1341 1230 1375 te
1273 1336 1509 1375 auctoribus
1552 1337 1728 1383 tradere,

104 1422 230 1461 quam
263 1421 400 1447 errare
431 1421 505 1460 per
538 1407 703 1447 multos.
766 1408 1044 1460 quadraginta
1075 1406 1186 1446 milia
1215 1406 1413 1445 librorum
1443 1406 1729 1445 Alexandriae

105 1484 317 1518 arserunt:
364 1478 686 1531 pulcherrimum
719 1480 858 1530 regiae
881 1477 1116 1529 opulentiae
1139 1478 1444 1516 monimentum
1467 1476 1566 1515 alius
1588 1476 1726 1515 lauda-

106 1550 220 1597 uerit,
252 1551 356 1589 sicut
388 1548 436 1588 T.
469 1549 631 1596 Liuius,
664 1550 732 1601 qui
763 1548 998 1599 elegantiae
1029 1560 1176 1598 regum
1210 1560 1415 1597 curaeque
1445 1547 1652 1597 qqngium
1685 1546 1734 1585 id
1748 1552 1782 1577 2⁰

106 1626 209 1671 opus
251 1620 306 1659 ait
335 1620 504 1670 fuisse:
555 1632 640 1658 non
684 1618 756 1658 fuit
798 1618 1004 1670 elegantia
1044 1618 1143 1657 illud
1175 1624 1245 1657 aut
1278 1630 1394 1664 cura,
1437 1618 1512 1656 sed
1544 1618 1731 1656 studiosa

105 1690 286 1737 luxuria,
318 1691 449 1729 immo
482 1703 534 1729 ne
566 1687 754 1729 studiosa
785 1690 976 1741 quidem,
1009 1689 1207 1740 quoniam
1240 1701 1325 1726 non
1356 1689 1395 1726 in
1427 1688 1625 1735 studium,
1656 1687 1730 1726 sed

105 1762 144 1800 in
165 1760 450 1812 spectaculum
474 1766 817 1813 conparauerant,
850 1761 952 1798 sicut
974 1758 1180 1811 plerisque
1203 1758 1354 1809 ignaris
1376 1759 1500 1796 etiam
1524 1757 1730 1796 seruilium

104 1830 331 1871 litterarum
362 1831 453 1870 libri
485 1844 569 1870 non
601 1831 834 1870 studiorum
867 1830 1162 1877 instrumenta,
1204 1829 1278 1867 sed
1311 1830 1576 1868 cenationum
1610 1841 1728 1867 orna-

107 1907 248 1941 menta
288 1907 393 1942 sunt.
455 1907 623 1953 paretur
664 1902 803 1953 itaque
844 1900 1044 1939 librorum
1083 1905 1285 1952 quantum
1319 1900 1416 1938 satis
1449 1900 1521 1946 sit,
1564 1897 1660 1937 nihil
1692 1899 1730 1937 in
1750 1903 1784 1929 25

106 2113 239 2154 pudebit
272 2113 300 2143 ei
330 2112 400 2153 plus
426 2111 504 2145 cod.
541 2113 620 2153 (etia
653 2112 678 2141 si
712 2110 816 2141 mulos
850 2109 1043 2143 admodum
1071 2108 1275 2143 oblitterata
1300 2111 1405 2149 semt;
1438 2107 1557 2142 linem
1591 2106 1733 2142 nlmnae

105 2169 266 2215 syllabae
292 2180 392 2204 uoczs
418 2171 522 2201 mulos
548 2169 802 2214 snprascm'pla
827 2178 1003 2212 quaenam
1027 2168 1141 2211 fueret
1168 2177 1308 2200 omnmo
1335 2166 1465 2210 despccz'
1480 2167 1612 2211 nequa)

106 2230 126 2262 2
169 2230 376 2260 inminentem
411 2226 582 2273 lladm'q:
621 2229 815 2260 eminente*
1021 2226 1040 2260 6
1083 2227 1177 2258 exilia
1212 2224 1428 2259 delcnore-S:
1466 2227 1559 2257 exilla

107 2288 233 2319 interim
260 2286 425 2331 Lipszus:
455 2288 567 2319 iterum
713 2284 733 2318 9
768 2286 941 2316 consulitur
968 2286 1007 2326 ei,
1034 2285 1060 2315 si
1086 2288 1258 2326 paupertas
1283 2284 1311 2315 ei
1337 2282 1478 2317 Haase:
1509 2294 1586 2314 cons
1580 2284 1682 2314 ulitur
1707 2285 1732 2315 si

107 2350 136 2378 et
172 2350 312 2388 pauptas
338 2350 367 2377 et
393 2344 471 2379 cod.
516 2343 694 2389 Maduiffl'i
725 2343 917 2386 rationem,
954 2342 1017 2387 qui
1040 2341 1159 2376 uerbis
1184 2343 1239 2373 ubi
1265 2353 1379 2384 parum
1408 2362 1450 2366 -
1477 2346 1582 2384 potest
1608 2341 1658 2375 ad
1681 2352 1733 2375 se-

106 2404 250 2448 quentia
277 2403 400 2438 relatis
427 2403 557 2437 conicit
580 2403 691 2444 quidni
718 2403 901 2433 consulatur
927 2402 1056 2432 durius?
1093 2406 1121 2432 et
1149 2401 1323 2432 consulitur
1348 2402 1373 2431 si
1400 2404 1464 2434 etc.
1489 2399 1650 2445 probare
1675 2411 1733 2434 ne-

104 2474 194 2507 queo
203 2475 215 2503 ;
250 2464 328 2507 ipsa
362 2461 473 2496 exilia
507 2466 539 2496 et
572 2461 794 2495 calamitates
827 2458 921 2494 mala
958 2459 1021 2493 illa
1054 2463 1137 2492 sunt
1170 2469 1262 2503 quae
1295 2459 1407 2492 animi
1430 2463 1630 2504 praecepla
1663 2469 1730 2491 non

104 2520 283 2555 audientis
309 2519 403 2555 malo
426 2531 497 2566 pro
522 2519 690 2554 remediis
716 2522 948 2565 opponuntur
1104 2518 1139 2550 ll
1174 2519 1291 2549 seruire
1318 2528 1396 2551 cum
1423 2516 1547 2551 codice
1571 2515 1733 2562 Madm'y,

103 2581 213 2611 seruiri
248 2578 355 2624 uulqo
500 2579 543 2613 12
579 2583 608 2610 et
643 2579 794 2610 habitare
827 2576 905 2611 cod.
932 2578 1081 2608 habitare
1115 2575 1220 2620 unlqo
1368 2575 1408 2609 14
1445 2577 1591 2618 impensa

108 2650 149 2683 13
168 2651 382 2691 quadraginta
400 2649 489 2680 milia
508 2648 725 2683 deteriores:
746 2642 802 2679 XL
915 2647 960 2681 20
986 2649 1025 2681 T.
1045 2647 1155 2678 Liuius
1174 2643 1345 2690 Madm'q:
1376 2651 1405 2677 et
1423 2647 1532 2678 Liuius
1552 2646 1598 2686 (in
1618 2656 1730 2689 marq.

104 2719 149 2740 m.
177 2711 195 2739 3
223 2709 263 2739 de
290 2713 310 2740 t.
338 2708 430 2748 liuio)
575 2717 684 2748 cureq:
848 2706 892 2739 23
931 2710 1200 2746 comparauerant
1353 2704 1521 2746 puerilium
1556 2705 1730 2735 litterarum

104 2763 268 2810 Madm'q,
294 2769 331 2798 at
356 2768 452 2799 recle
470 2764 618 2810 Lipsius
643 2763 795 2798 serm‘les
821 2762 960 2797 litteras
986 2761 1193 2796 liberalibus
1220 2761 1354 2806 opponi
1377 2761 1491 2798 eliacim
1521 2762 1569 2805 cf.
1597 2759 1730 2795 Minue.

105 2822 178 2858 Fcl.
207 2825 237 2862 5,
264 2825 284 2855 4
311 2828 457 2865 expertes
483 2824 598 2855 artium
625 2824 723 2854 etiam
748 2822 954 2853 sordidarum
1076 2821 1119 2852 23
1147 2821 1247 2851 nichil
1273 2822 1471 2862 inapparalfi
