1977 3231
426 147 530 174 DlAL.
552 147 590 175 X.
630 147 683 172 AD
706 145 909 171 PAVLINVM
931 145 983 170 DE
1004 145 1228 171 BREVITATE
1249 146 1374 173 VITAE.
1413 147 1438 173 4.
1655 149 1736 189 225

122 243 366 297 praeferant.
430 243 595 296 cupiunt
640 242 802 282 interim
845 255 898 281 ex
940 241 1008 280 illo
1049 241 1215 294 fastigio
1258 255 1354 291 suo,
1397 242 1430 281 si
1473 246 1564 282 tuto
1607 241 1738 290 liceat,

123 315 387 354 descendere.
449 327 546 353 nam
579 319 623 353 ut
664 312 761 352 nihil
803 318 924 352 extra
964 311 1140 352 lacessat
1182 319 1253 352 aut
1285 313 1464 364 quatiat,
1505 313 1544 352 in
1577 326 1621 352 se
1653 312 1741 365 ipsa

75 394 95 426 ’3
122 384 287 424 fortuna
318 385 408 424 ruit.
462 385 583 423 diuus
606 383 835 435 Augustus,
867 383 929 422 cui
962 383 1002 421 di
1033 381 1149 434 plura
1180 396 1305 435 quam
1339 382 1406 422 ulli
1438 383 1738 435 praestiterant,

123 469 206 495 non
249 455 368 495 desiit
409 457 591 507 quietem
625 454 700 494 sibi
732 454 890 506 precari
922 459 963 492 et
996 455 1255 492 uacationem
1289 467 1313 492 a
1345 453 1554 506 republica
1584 459 1738 506 petere.

123 526 257 565 omnis
289 525 375 565 eius
406 538 545 564 sermo
577 525 632 564 ad
664 524 745 564 hoc
776 536 943 576 semper
975 522 1186 563 reuolutus
1219 529 1292 571 est,
1326 530 1369 563 ut
1390 530 1575 576 speraret
1597 524 1739 563 otium.
1761 538 1775 561 .·,

122 596 204 636 hoc
244 595 409 636 labores
451 609 570 644 suos,
615 595 775 635 etiamsi
818 594 942 642 falso,
989 593 1096 633 dulci
1127 599 1270 633 tamen
1302 594 1544 634 oblectabat
1574 593 1741 642 solacio,

75 676 94 706 εὶ
122 667 345 719 aliquando
377 680 421 706 se
453 667 656 706 uicturum
690 665 766 704 sibi
820 665 859 704 in
891 666 1073 717 quadam
1106 665 1160 703 ad
1192 670 1382 704 senatum
1407 666 1530 704 missa
1558 664 1741 718 epistula,

121 751 214 778 cum
249 739 434 790 requiem
465 751 583 776 suam
616 750 700 775 non
733 749 906 775 uacuam
939 735 1027 775 fore
1061 736 1272 787 dignitatis
1304 749 1379 775 nec
1401 749 1425 775 a
1446 736 1583 788 priore
1611 735 1743 787 gloria

122 810 430 861 discrepantem
471 807 677 861 pollicitus
718 812 848 854 esset,
891 805 995 846 haec
1036 806 1164 845 uerba
1204 808 1365 845 inueni:
1411 805 1489 844 sed
1525 806 1608 844 ista
1639 805 1747 858 fieri

121 879 345 931 speciosius
398 891 525 930 quam
569 877 769 929 promitti
808 883 998 928 possunt.
1067 890 1131 915 me
1173 881 1312 915 tamen
1356 875 1503 927 cupido
1546 876 1744 928 temporis
1767 890 1796 914 10

121 949 378 1002 optatissimi
418 949 527 988 milei
566 948 785 1000 provexit,
841 954 888 987 ut
925 947 1123 999 quoniam
1167 960 1308 986 rerum
1351 946 1513 986 laetitia
1554 953 1748 986 moratur

121 1020 283 1070 adlmc,
329 1020 622 1072 praeciperem
673 1019 844 1071 aliquid
888 1018 1116 1069 uoluptatis
1157 1030 1211 1056 ex
1251 1017 1493 1073 uerbormn-
1515 1017 1741 1056 dulcedine.

74 1099 90 1131 >4
121 1098 238 1132 tanta
281 1092 367 1130 uisa
411 1097 473 1130 est
505 1104 570 1130 res
603 1091 758 1138 otium,
801 1096 845 1129 ut
877 1089 1010 1137 illam,
1053 1091 1149 1141 quia
1181 1102 1254 1128 usu
1287 1102 1370 1128 non
1402 1094 1589 1140 poterat,
1632 1090 1743 1140 cogi-

123 1164 282 1203 tatione
330 1168 625 1214 praesumeret.
688 1162 756 1213 qui
805 1161 945 1200 omnia
987 1160 1160 1199 uidebat
1202 1173 1256 1198 ex
1299 1173 1343 1198 se
1386 1172 1468 1198 uno
1510 1159 1746 1212 pendentia,

126 1235 193 1286 qui
226 1233 463 1272 hominibus
496 1232 773 1284 gentibusque
805 1231 1014 1271 fortunam
1049 1230 1189 1279 dabat,
1220 1230 1334 1269 illum
1364 1231 1476 1269 diem
1498 1230 1746 1270 laetissimus
1772 1243 1799 1266 15

127 1304 354 1356 cogitabat,
387 1317 471 1356 quo
505 1302 835 1355 magnitudinem
868 1315 986 1342 suam
1020 1307 1194 1341 exueret
1255 1307 1454 1353 expertus
1487 1306 1585 1348 erat,
1618 1314 1743 1353 quan-

124 1381 213 1414 tum
261 1374 328 1414 illa
375 1374 488 1413 bona
534 1387 609 1425 per
659 1374 794 1412 omnis
835 1379 967 1413 terras
1009 1371 1208 1424 fulgentia
1249 1372 1410 1411 sudoris
1452 1373 1746 1424 exprimerent,

76 1452 95 1482 Γ)
122 1453 324 1499 quantum
357 1444 613 1484 occultarum
646 1443 967 1484 sollicitudinum
1000 1449 1214 1495 tegerent:
1253 1457 1346 1483 cum
1377 1442 1534 1482 ciuibus
1555 1443 1748 1499 primum,

124 1517 276 1556 deinde
318 1529 412 1556 cum
457 1515 647 1568 collegis,
689 1516 915 1555 nouissime
947 1528 1041 1554 cum
1075 1513 1279 1554 adfinibus
1311 1520 1482 1554 coactus
1513 1514 1637 1553 armis
1669 1513 1740 1552 de-

126 1601 293 1627 cernere
327 1587 427 1626 mari
460 1593 654 1639 terraque
687 1587 930 1637 sanguinem
962 1584 1092 1624 fudit:
1130 1598 1204 1637 per
1226 1584 1533 1632 Macedoniam,
1555 1582 1748 1631 Siciliam,
1769 1594 1802 1619 20

127 1658 400 1710 Aegyptum,
439 1656 604 1709 Syriam
638 1657 870 1709 Asiamque
902 1662 944 1696 et
976 1657 1112 1695 omnis
1144 1669 1277 1708 prope
1310 1668 1403 1694 oras
1435 1654 1545 1694 bello
1579 1654 1748 1694 circum-

127 1735 243 1769 actus
275 1728 471 1768 Romana
513 1729 643 1767 caede
687 1727 818 1767 lassos
862 1728 1068 1767 exercitus
1101 1727 1155 1766 ad
1188 1733 1361 1766 externa
1393 1725 1502 1765 bella
1534 1726 1750 1764 conuertit.

128 1801 227 1839 dum
251 1798 386 1852 Alpes
415 1798 555 1850 placat
586 1800 870 1851 immixtosque
903 1798 1066 1848 mediae
1097 1799 1189 1850 paci
1221 1804 1264 1837 et
1295 1798 1470 1850 imperio
1493 1795 1635 1836 hostes
1657 1809 1749 1848 per-

128 1872 295 1918 domat,
340 1870 440 1909 dum
481 1869 586 1908 ultra
619 1869 814 1908 Rhenum
849 1875 889 1908 et
921 1868 1166 1921 Euphraten
1208 1873 1251 1906 et
1282 1868 1518 1906 Danuuium
1550 1868 1751 1906 terminos

129 1947 295 1988 mouet,
339 1941 378 1979 in
411 1942 500 1992 ipsa
532 1940 635 1979 urbe
667 1939 889 1987 Murenae,
923 1938 1154 1991 Caepionis,
1186 1938 1347 1990 Lepidi,
1379 1937 1546 1990 Egnati,
1578 1937 1751 1976 aliorum
1772 1946 1805 1972 25

83 2016 102 2050 6
129 2013 169 2051 in
203 2024 297 2050 eum
331 2024 551 2049 mucrones
583 2010 849 2049 acuebantur.
912 2010 1100 2049 nondum
1138 2009 1290 2048 horum
1323 2008 1528 2060 effugerat
1559 2008 1749 2047 insidias:

128 2081 210 2121 filia
252 2087 292 2120 et
331 2087 396 2120 tot
436 2080 597 2120 nobiles
629 2081 796 2120 iuuenes
828 2079 1031 2119 adulterio
1064 2079 1176 2118 uelut
1207 2085 1470 2118 sacramento
1503 2079 1639 2118 adacti
1670 2080 1751 2118 iam

129 2152 344 2191 infractam
378 2157 562 2191 aetatem
596 2151 850 2191 territabant.
924 2150 1156 2203 Paulusque
1189 2156 1232 2190 et
1264 2150 1411 2189 iterum
1444 2150 1631 2189 timenda
1659 2163 1753 2188 cum

129 2222 322 2263 Antonio
360 2222 515 2262 mulier.
578 2222 682 2262 haec
715 2221 852 2262 ulcera
884 2235 979 2262 cum
1011 2222 1107 2275 ipsis
1140 2221 1338 2261 membris
1370 2221 1631 2261 absciderat:
1677 2219 1755 2260 alia

132 2376 148 2409 1
185 2359 354 2417 fastigiosi>
475 2375 495 2410 2
522 2376 553 2406 in
579 2386 613 2407 se
631 2370 848 2409 deterz'oresz
876 2375 958 2406 inte·
1053 2375 1072 2407 3
1101 2375 1146 2405 dii
1258 2374 1312 2408 ulli
1332 2372 1548 2407 deteriores:
1577 2373 1653 2404 nulli

131 2437 353 2477 praestiterant
383 2432 510 2468 Gertz:
539 2435 763 2476 praestiterunt
883 2433 904 2467 4
931 2435 1012 2466 desit
1133 2434 1218 2466 a.R.
1239 2436 1272 2466 P.
1395 2432 1415 2465 5
1441 2436 1582 2474 speraret
1602 2434 1627 2472 (t
1650 2440 1756 2469 corr„

131 2493 166 2526 in
194 2504 307 2538 marq.
328 2505 370 2528 m.
400 2496 418 2527 2
447 2492 589 2527 addidit
607 2495 688 2527 otiu.
706 2495 771 2525 hoc
797 2494 940 2532 labores)
1068 2492 1106 2526 12
1133 2493 1353 2534 praeciperem
1372 2489 1555 2524 Muretus:
1585 2490 1756 2531 pcipere*

228 2575 268 2609 16
287 2581 421 2618 quamn-1
523 2576 564 2609 1&
582 2580 718 2617 quamn-1
823 2574 859 2608 19
880 2576 1005 2612 affinib;
1106 2573 1149 2608 ‘2⁴2
1169 2575 1268 2607 cede.'
1381 2573 1424 2607 23
1442 2574 1642 2614 immixtosq;
1663 2553 1758 2614 medel

250 2633 293 2668 ‘24
321 2635 396 2666 dum
423 2636 505 2666 ultra
533 2633 749 2668 deteriores:
780 2635 827 2667 du
853 2639 884 2666 ut
911 2635 1019 2665 ultra*
1048 2632 1200 2677 (aliquid
1224 2642 1376 2675 erasmo,
1400 2632 1563 2676 fortasse
1588 2630 1706 2665 littera
1733 2642 1757 2673 r,

132 2704 225 2738 quae
256 2693 355 2727 initio
388 2693 567 2738 sequentis
598 2703 726 2743 uprsus
753 2692 878 2728 addita
904 2696 971 2734 est)
1153 2693 1300 2725 danubii]
1326 2693 1360 2733 (b
1388 2701 1438 2726 ecc
1463 2703 1482 2723 u
1508 2693 1616 2732 corr.)

134 2753 177 2785 21⁷)
206 2753 325 2794 Egnati
351 2753 487 2783 aliorum
509 2750 637 2786 Gertz.
667 2753 831 2793 egnation
950 2751 995 2785 ‘215
1022 2752 1219 2783 acuebantur
1246 2752 1343 2794 (aule
1369 2756 1378 2782 t
1403 2760 1523 2795 parua
1549 2751 1638 2790 ras.)

135 2812 180 2844 2&
207 2812 382 2852 Paulusque
403 2808 604 2845 Rubenius:
634 2812 740 2852 plusq:
863 2810 906 2844 ⁴29
934 2812 994 2851 hec
1020 2811 1127 2841 ulcera
1154 2813 1249 2850 (ante
1266 2821 1284 2841 u
1304 2820 1374 2843 mea
1393 2809 1522 2847 (incra,
1550 2813 1586 2841 ut
1615 2806 1758 2841 uidetur

136 2880 164 2912 e,
192 2868 321 2906 deleta)

1435 2927 1473 2960 15
