2008 3221
193 862 201 886 l

171 1568 204 1593 20

208 866 222 887 (Ι

246 117 299 154 44
707 110 808 136 DIAL.
837 110 889 136 111.
917 110 969 135 DE
997 110 1064 135 lRA
1091 110 1163 137 LIB.
1190 109 1212 136 Ι,
1238 113 1263 137 9.
1292 113 1334 137 10.
1363 114 1405 136 11.

243 210 359 261 quod
392 216 454 248 est
476 208 634 248 falsum.
685 220 780 246 nam
813 209 845 246 si
867 207 1040 245 exaudit
1061 207 1267 245 rationem
1296 207 1562 259 sequiturque
1584 221 1667 259 qua
1699 207 1872 255 ducitur,

243 282 324 319 iam
358 294 440 319 non
473 286 535 318 est
568 279 636 324 ira,
669 278 782 316 cuius
813 277 1029 329 proprium
1063 282 1126 316 est
1154 257 1428 316 effluiffiffi'a?
1470 278 1502 317 si
1535 291 1635 317 uelo
1667 284 1872 330 repugnat

245 358 285 390 et
317 364 401 389 non
435 350 503 388 ubi
535 350 643 388 iussa
685 354 748 387 est
780 348 970 400 quiescit,
1013 348 1089 386 sed
1132 347 1300 387 libidine
1342 347 1576 400 ferociaque
1619 349 1871 400 prouehitur,

243 428 329 460 tarn
364 418 511 458 inutilis
544 419 667 458 animi
710 419 895 457 minister
937 424 1000 457 est
1032 431 1159 469 quam
1194 417 1327 466 miles,
1371 419 1440 470 qui
1481 419 1645 470 signum
1689 420 1899 477 receptui‘

242 491 436 542 neglegit.
501 490 642 541 itaque
694 489 726 527 si
778 490 954 528 modum
998 488 1186 528 adhiberi
1237 488 1314 528 sibi
1355 490 1529 541 patitur,
1582 490 1661 529 alio
1703 490 1873 529 nomine
1899 500 1917 532 Ρ

244 561 492 613 adpellanda
535 566 617 607 est,
662 559 782 598 desiit
823 560 881 598 ira
923 573 1035 607 esse,
1084 573 1211 611 quam
1255 559 1498 599 effrenatam
1539 561 1873 612 indomitamque

243 631 452 683 intellego.
495 631 527 670 si
550 644 634 669 non
656 630 820 682 patitur,
853 630 1082 682 perniciosa
1117 636 1180 669 est
1202 643 1279 669 nec
1301 630 1407 669 inter
1429 630 1581 670 auxilia
1602 632 1871 671 numeranda.

243 705 297 741 ita
330 708 399 741 aut
439 703 495 740 ira
527 715 610 740 non
654 706 715 740 est
758 706 829 739 aut
871 700 1020 740 inutilis
1054 706 1129 740 est.
1196 714 1294 740 nam
1332 701 1365 740 si
1407 703 1496 752 quis
1528 715 1711 753 poenam
1743 702 1874 753 exigit

243 787 327 812 non
359 773 485 825 ipsius
517 785 681 824 poenae
703 772 860 819 auidus,
893 772 969 810 sed
1001 772 1097 823 quia
1129 777 1310 824 oportet,
1343 785 1428 810 non
1451 778 1513 811 est
1535 772 1874 811 adnumerandus

243 845 364 883 iratis.
417 843 482 883 hic
505 844 580 882 erit
604 842 709 881 utilis
742 842 858 881 miles
891 843 960 894 qui
992 843 1068 882 scit
1091 856 1237 895 par'ele
1260 842 1444 882 consilio.
1492 842 1680 882 adfectus
1702 843 1873 894 quidem

241 921 326 954 tarn
363 914 458 953 mali
491 899 672 953 ministri
695 927 821 966 quam
855 914 983 953 duces
1015 919 1122 953 sunt.

360 985 410 1024 X.
444 985 546 1024 Ideo
590 998 819 1036 numquam
863 985 1057 1024 adsumet
1109 985 1213 1024 latio
1256 985 1295 1023 in
1338 985 1588 1024 adiutorium
1630 985 1873 1037 inprouidos

243 1063 283 1095 et
316 1056 520 1095 uiolentos
553 1057 727 1108 inpetus,
760 1057 870 1109 apud
904 1069 1012 1108 quos
1045 1055 1141 1094 nihil
1173 1056 1262 1108 ipsa
1283 1056 1541 1095 auctoritatis
1568 1055 1735 1104 habeat,
1767 1069 1874 1107 quos

243 1140 470 1178 numquam
504 1127 765 1179 conprimere
798 1127 950 1180 possit,
995 1127 1068 1166 nisi
1100 1140 1224 1179 pares
1257 1126 1330 1166 illis
1363 1126 1586 1178 similisque
1618 1126 1873 1180 opposuerit,

208 1204 286 1238 zut
330 1198 412 1236 irae
456 1203 638 1246 metum,
680 1198 850 1237 inertiae
893 1198 1017 1245 iram,
1059 1198 1198 1237 timori
1241 1198 1525 1251 cupiditatem.
1588 1198 1695 1237 absit
1737 1197 1819 1237 hoc
1851 1210 1875 1235 a

245 1270 396 1307 uirtute
429 1268 597 1316 malum,
661 1275 705 1307 ut
748 1282 949 1320 umquam
981 1269 1086 1308 ratio
1120 1270 1174 1308 ad
1207 1269 1303 1307 uitia
1335 1268 1555 1321 confugiat.
1619 1282 1701 1308 non
1734 1274 1875 1321 potest

242 1339 307 1378 hic
339 1340 498 1378 animus
531 1339 655 1379 fidele
688 1340 819 1379 otium
852 1353 1012 1392 capere,
1044 1340 1253 1392 quatiatur
1281 1340 1451 1379 necesse
1474 1346 1536 1379 est
1559 1339 1874 1391 fluctueturque,

242 1411 310 1462 qui
343 1410 460 1449 malis
493 1411 574 1449 suis
607 1416 721 1449 tutus
755 1417 838 1458 est,
859 1411 950 1462 qui
992 1409 1108 1450 fortis
1152 1424 1241 1450 esse
1275 1411 1347 1449 nisi
1386 1411 1573 1450 irascitur
1593 1424 1689 1467 ³non
1721 1417 1874 1463 potest,

241 1481 462 1529 industiius
495 1482 568 1520 nisi
602 1482 725 1534 cupit,
757 1482 921 1560 quietus
953 1481 1028 1520 nisi
1059 1482 1199 1521 timet:
1235 1482 1276 1520 in
1307 1461 1886 1539 ty‘rannidelilli(uiuendum

242 1533 369 1596 estl
336 1545 397 1590 111
417 1530 582 1614 aliciiius
625 1550 831 1592 adfectus
857 1553 1037 1592 uenienti
1044 1554 1061 1621 s
1079 1542 1333 1592 seruitutem.
1401 1565 1486 1591 non
1528 1553 1660 1605 pudet
1702 1553 1875 1591 uirtutes

242 1624 280 1662 in
314 1597 562 1662 clientelam
580 1624 774 1662 uitiorum
808 1624 1058 1663 demittere?
1119 1624 1271 1663 deinde
1304 1623 1452 1663 desinit
1484 1624 1706 1675 quicquam
1749 1636 1874 1675 posse

243 1695 359 1742 ratio,
393 1695 422 1733 si
457 1694 554 1733 nihil
587 1700 728 1746 potest
760 1695 847 1733 sine
880 1693 1057 1742 adfectu,
1092 1700 1143 1733 et
1164 1694 1332 1776 incipit
1335 1707 1410 1765 par
1443 1693 1495 1733 illi
1528 1693 1752 1747 similisque
1774 1706 1875 1733 esse.

242 1766 340 1817 quid
374 1766 482 1804 enim
515 1766 698 1813 interest,
730 1766 763 1804 si
786 1779 919 1817 aeque
941 1745 1384 1806 adfectuslinconsusta
1416 1778 1479 1804 165
1513 1771 1575 1804 est
1607 1765 1693 1804 sine
1715 1765 1875 1804 ratione

242 1850 367 1887 quam
412 1837 515 1875 ratio
560 1837 647 1875 sine
689 1835 855 1876 adfectu
898 1836 1117 1875 inefficax?
1160 1849 1236 1888 par
1279 1841 1503 1888 utrumque
1545 1842 1627 1883 est,
1671 1836 1740 1875 ubi
1784 1849 1875 1875 6556

190 1923 223 1945 -›.-·‚
243 1907 417 1945 alterum
461 1908 546 1946 sine
588 1906 721 1946 altero
763 1920 848 1946 non
890 1913 1043 1959 potest.
1105 1907 1195 1959 quis
1237 1913 1378 1946 autem
1421 1907 1621 1946 sustineat
1663 1906 1873 1946 adfectum

190 2276 223 2299 31)

243 1991 477 2029 exaequare
500 1979 673 2017 rationi?
717 1980 790 2026 ita,
824 1978 969 2030 inquit,
1008 1977 1115 2017 utilis
1149 1977 1337 2017 adfectus
1370 1984 1448 2026 est,
1491 1979 1522 2017 si
1566 1978 1756 2017 modicus
1799 1984 1872 2017 est.

243 2048 372 2087 immo
417 2049 448 2087 51
490 2056 635 2088 natuia
677 2049 783 2088 utilis
826 2056 899 2088 est.
976 2050 1051 2088 sed
1094 2049 1125 2087 si
1178 2049 1381 2101 inpatiens
1422 2048 1580 2102 imperii
1623 2049 1875 2100 rationisque

244 2126 315 2166 est,
349 2120 430 2158 hoc
461 2100 684 2164 dumtaxat
717 2121 1009 2160 mode1atione
1043 2126 1349 2172 consequetur,:
1375 2125 1421 2159 ut
1457 2133 1542 2172 quo
1576 2119 1711 2158 minoi
1743 2119 1874 2168 fuerit,

244 2190 377 2228 minus
421 2197 596 2230 noccit:
643 2205 746 2242 ergo
790 2191 979 2230 modicus
1021 2189 1210 2230 adfectus
1253 2190 1350 2229 nihil
1394 2190 1503 2229 aliud
1546 2203 1673 2242 quam
1716 2190 1873 2230 malum

245 2261 454 2299 modicum
490 2267 560 2300 est,

363 2332 432 2370 XI.
471 2330 555 2371 Sed
587 2333 787 2372 aduersus
815 2332 970 2381 hostes,
1004 2333 1145 2385 inquit,
1179 2333 1236 2371 ira
1269 2339 1331 2372 est
1363 2332 1605 2371 necessaria.
1668 2345 1873 2384 nusquam

253 2483 258 2515 1
292 2488 335 2514 651
372 2483 485 2513 falsum
515 2484 591 2518 t'ml,
620 2486 732 2516 falsum
761 2493 805 2517 est
833 2484 941 2530 nul-qo
1047 2471 1052 2477 Ι
1105 2496 1167 2526 qua
1196 2486 1322 2516 ducitur
1349 2484 1475 2529 mllqo:
1504 2496 1568 2526 quo
1595 2485 1720 2516 ducitur

245 2544 263 2571 θ’,
293 2542 487 2583 appellanda
635 2544 715 2574 desit
872 2545 884 2578 ἶ
914 2545 1099 2586 miniosa
1237 2548 1257 2571 Ν
1285 2546 1368 2585 11611ἑί
1397 2548 1429 2577 el
1456 2545 1475 2575 ἒ)
1502 2554 1584 2585 pene
1733 2543 1769 2575 153
1799 2548 1874 2585 aput

246 2607 270 2631 (t
297 2610 391 2635 corr.
419 2601 452 2633 ’ίη
481 2603 514 2643 (l)
689 2603 725 2636 11
757 2606 943 2645 opposuerit
970 2602 1068 2646 cod.‚
1109 2602 1233 2643 Gertz,
1261 2604 1447 2645 apposuerit
1477 2601 1590 2647 Neap,
1634 2601 1745 2636 Turul
1787 2601 1872 2636 Ven.

244 2658 304 2691 all.
333 2662 523 2701 opposueris
549 2660 656 2705 'nul-qo
846 2663 879 2695 1ῖ
909 2674 1043 2704 capere,
1071 2662 1245 2705 quatiatur]
1280 2662 1332 2695 sic
1361 2661 1466 2695 Gertz
1494 2661 1732 2705 &tter-[muscia
1765 2659 1874 2705 uulqo

245 2729 378 2759 capere:
408 2720 569 2759 quatiatur
721 2724 765 2754 33«)
791 2723 1012 2766 (ἐπήραμαι
1032 2729 1118 2763 ras.)
1275 2722 1319 2754 ‘22’
1347 2721 1495 2761 >inultam
1527 2721 1549 2763 (i
1575 2712 1740 2753 extrema
1759 2721 1871 2761 corr.)

395 2780 437 2810 5353
465 2779 545 2819 siem
716 2779 755 2812 {34
787 2781 1079 2824 al‘l‘eeti1*(stm·mc
1107 2780 1194 2822 ras.)
1355 2782 1398 2812 3¹.»
1426 2780 1511 2810 aliud
1540 2780 1574 2821 (d
1603 2779 1713 2821 corr.)

244 2836 281 2867 ;·‚l
315 2841 362 2878 mi
399 2837 421 2875 *ft
449 2842 558 2875 corr.)

1901 1205 1921 1238 (Q
