2008 3221
153 853 161 877 l
168 856 182 878 υ

151 1208 182 1233 15

148 1561 181 1586 20

149 1918 182 1943 *25

207 113 290 152 252
442 110 546 137 DIAL.
568 110 620 137 Xl.
659 111 713 135 AD
735 111 914 136 HELVIAM
938 112 1108 137 MATREM
1131 113 1182 138 DE
1203 112 1524 139 CONSOLATIONE.
1565 114 1594 140 7.

324 206 416 246 VII.
459 206 503 245 A
536 206 780 246 caelestibus
812 209 995 260 agedum
1027 214 1069 248 te
1101 209 1155 248 ad
1187 208 1371 248 humana
1408 215 1629 249 conuerte:
1678 208 1836 248 uidebis

205 283 352 329 gentes
393 276 656 330 populosque
699 277 912 318 uniuersos
945 286 1129 319 mutasse
1161 281 1318 319 sedem.
1380 280 1479 332 quid
1512 280 1586 319 sibi
1620 279 1765 318 uolunt
1797 278 1837 316 in

206 347 350 387 mediis
393 347 670 388 barbarorum
713 349 951 401 regionibus
995 350 1183 391 Graecae
1226 351 1376 390 urbes?
1420 351 1520 403 quid
1562 352 1668 389 inter
1709 349 1837 388 Indos

205 417 434 469 Persasque
466 418 762 459 Macedonicus
804 423 972 460 sermo?
1017 420 1191 472 Scythia
1233 427 1274 460 et
1317 426 1430 461 totus
1472 420 1538 467 ille
1569 419 1748 459 ferarum
1780 420 1836 458 in-

206 489 543 541 domitarumque
575 490 762 541 gentium
795 496 952 531 tractus
985 492 1172 531 ciuitates
1206 491 1394 531 Achaiae
1426 491 1607 530 Ponticis
1639 490 1837 542 inpositas

203 558 389 598 litoribus
432 565 626 601 ostentat.
689 575 772 600 non
816 568 1043 614 perpetuae
1087 562 1233 602 hiemis
1266 562 1456 610 saeuitia,
1500 575 1584 601 non
1616 561 1835 600 hominum

204 630 367 682 ingenia
408 632 462 670 ad
500 631 810 672 similitudinem
843 632 945 672 caeli
976 633 1037 672 sui
1069 633 1280 673 horrentia
1312 632 1653 672 transferentibus
1685 632 1838 672 domos

203 715 297 740 suas
329 701 592 741 obstiterunt.
655 702 925 743 Atheniensis
957 704 995 743 in
1029 704 1134 744 Asia
1165 704 1288 744 turba
1320 710 1384 744 est
1458 703 1626 743 Miletus
1657 704 1838 756 quinque

203 778 244 811 et
276 773 541 825 septuaginta
582 773 744 813 urbium
787 774 990 827 populum
1033 775 1071 814 in
1115 776 1279 814 diuersa
1311 774 1465 814 effudit.
1527 780 1665 814 totum
1697 774 1840 814 Italiae

203 842 319 892 latus,
352 843 465 895 quod
499 843 627 884 infero
662 845 763 884 mari
796 845 986 893 adluitur,
1020 846 1152 885 maior
1186 845 1362 885 Graecia
1394 845 1476 884 fuit.
1540 845 1702 885 Tuscos
1736 845 1840 885 Asia

202 914 277 953 sibi
322 915 512 954 uindicat.
575 912 709 967 Tyrii'
733 915 920 956 Africam
962 917 1166 965 incolunt,
1211 917 1454 969 Hispaniam
1500 916 1649 965 Poeni,
1692 915 1839 955 Graeci

202 999 247 1024 se
289 986 328 1024 in
361 985 539 1026 Galliam
583 987 844 1036 inmiserunt,
888 989 926 1027 in
960 988 1178 1028 Graeciam
1213 987 1330 1027 Galli.
1394 988 1631 1039 Pyrenaeus
1663 986 1837 1026 Germa-

203 1070 350 1095 norum
384 1058 578 1097 transitus
611 1072 694 1097 non
727 1058 912 1098 inhibuit.
973 1073 1048 1112 per
1080 1060 1197 1107 inuia,
1230 1073 1304 1112 per
1336 1059 1549 1111 incognita
1583 1056 1762 1098 uersauit
1793 1072 1838 1098 se

203 1127 385 1167 humana
426 1128 582 1168 leuitas.
655 1128 809 1169 liberos
852 1131 1135 1183 coniugesque
1186 1136 1227 1170 et
1276 1144 1425 1182 graues
1477 1130 1593 1169 senio
1645 1135 1840 1183 parentes

202 1204 431 1238 traxerunt.
495 1199 559 1238 alii
601 1199 730 1251 longo
774 1214 914 1241 errore
957 1202 1096 1241 iactati
1134 1215 1218 1241 non
1257 1201 1407 1240 iudicio
1441 1200 1655 1253 elegerunt
1688 1199 1839 1248 locum,

202 1270 276 1309 sed
326 1269 565 1310 lassitudine
612 1272 854 1323 proximum
905 1278 1215 1325 occupauerunt
1300 1272 1365 1311 alii
1415 1272 1539 1311 armis
1581 1271 1657 1310 sibi
1699 1272 1758 1310 ius
1801 1271 1840 1310 in

201 1340 333 1380 aliena
365 1347 475 1380 terra
507 1340 701 1381 fecerunt.
756 1344 960 1395 quasdam
995 1350 1153 1395 gentes,
1187 1357 1281 1382 cum
1315 1344 1460 1394 ignota
1491 1348 1693 1395 peterent,
1726 1356 1840 1382 mare

202 1411 347 1451 hausit.
410 1413 618 1464 quaedam
661 1413 716 1452 ibi
748 1415 1049 1462 consederunt,
1092 1414 1161 1453 ubi
1193 1414 1279 1453 illas
1312 1427 1450 1453 rerum
1483 1414 1669 1452 omnium
1701 1413 1841 1466 inopia

203 1483 406 1536 deposuit.
479 1497 555 1523 nec
609 1484 804 1523 omnibus
855 1486 1004 1524 eadem
1059 1498 1183 1524 causa
1230 1484 1488 1537 relinquendi
1530 1484 1841 1537 quaerendique
1867 1511 1877 1513 >

201 1554 377 1606 patriam
411 1553 508 1594 fuit:
555 1554 656 1595 alios
690 1556 855 1595 excidia
888 1556 1050 1596 urbium
1084 1570 1251 1596 suarum
1284 1555 1503 1596 hostilibus
1527 1556 1652 1595 armis
1676 1555 1840 1608 elapsos

202 1626 241 1665 in
283 1624 415 1665 aliena
456 1625 658 1679 spoliatos
700 1627 781 1666 suis
820 1627 1082 1680 expulerunt.
1145 1627 1246 1667 alios
1285 1627 1518 1667 domestica
1549 1626 1696 1666 seditio
1728 1639 1838 1665 surn-

203 1697 345 1736 mouit.
407 1697 509 1736 alios
542 1697 666 1736 nimia
697 1698 988 1751 superfluentis
1020 1698 1162 1752 populi
1195 1698 1423 1751 frequentia
1454 1698 1509 1738 ad
1547 1698 1840 1737 exonerandas

202 1768 307 1807 uires
351 1768 497 1808 emisit.
559 1768 661 1808 alios
703 1769 937 1822 pestilentia
980 1776 1050 1809 aut
1087 1769 1324 1822 frequentes
1366 1775 1569 1809 terrarum
1602 1768 1737 1808 hiatus
1770 1774 1841 1808 aut

202 1839 336 1891 aliqua
377 1839 639 1879 intoleranda
691 1839 858 1880 infelicis
900 1841 976 1881 soli
1020 1841 1117 1881 uitia
1158 1841 1376 1880 eiecerunt.
1448 1841 1656 1892 quosdam
1699 1839 1841 1880 fertilis

203 1923 302 1949 orae
346 1916 387 1950 et
430 1911 469 1949 in
502 1912 633 1950 maius
664 1911 858 1951 laudatae
891 1911 1001 1951 fama
1033 1913 1227 1965 corrupit.
1290 1911 1392 1951 alios
1424 1910 1501 1950 alia
1533 1923 1657 1950 causa
1688 1911 1841 1951 exciuit

202 1982 398 2021 domibus
430 1982 533 2021 suis:
581 1981 678 2022 illud
711 1983 851 2035 utique
885 1982 1150 2023 manifestum
1184 1990 1257 2030 est,
1291 1982 1387 2021 nihil
1419 1982 1572 2022 eodem
1605 1982 1699 2022 loco
1722 1995 1836 2021 man-

213 2194 218 2226 l
253 2205 314 2235 age
333 2195 379 2227 dn
400 2194 496 2235 (ante
516 2195 561 2226 du
582 2194 671 2236 ras.)
796 2195 815 2227 2
841 2179 951 2237 genteS
1074 2194 1093 2228 7
1122 2180 1360 2231 tran⁵se1·entil›;
1486 2193 1506 2226 8
1533 2193 1738 2225 Atheniensis
1758 2191 1835 2226 E‘2:

206 2257 235 2284 at
258 2254 347 2284 benis
449 2253 490 2285 ⁷10
510 2257 598 2285 lusco
618 2255 731 2284 sasiri->e
842 2254 877 2287 ll
900 2255 1093 2296 Hispaniam
1115 2252 1297 2287 Muretus:
1320 2254 1507 2295 inhispanifz
1611 2253 1736 2294 grecise

211 2312 246 2344 1⁴2
274 2314 453 2352 Pyrenaeus
475 2311 599 2355 uulqo:
629 2324 751 2354 pyrena
766 2324 821 2344 eos·
948 2313 986 2345 13
1014 2314 1125 2354 pinuia
1146 2313 1338 2353 pineognita
1358 2310 1435 2346 cod.
1455 2317 1489 2345 el
1507 2314 1646 2345 ueteres
1665 2309 1838 2345 ede'le'ones

203 2370 264 2413 (Cli
287 2369 330 2404 (le
349 2370 404 2403 fra
424 2373 454 2410 3,
477 2374 530 2409 2⁴»,
552 2374 569 2403 2
590 2383 646 2412 per
666 2372 762 2411 inuia,
790 2383 846 2413 per
873 2373 995 2404 arentia
1022 2373 1172 2403 trahebat
1199 2383 1328 2402 omnem
1358 2371 1444 2402 bello
1462 2371 1571 2402 utilem
1591 2370 1753 2411 turbam);
1783 2381 1839 2411 per

1204 2429 1229 2454 ci

205 2466 371 2505 incognita
399 2464 544 2498 Fickert
579 2471 611 2498 cl
651 2464 770 2500 [lause
900 2466 934 2499 15
970 2450 1023 2497 ali1
1147 2466 1234 2497 iudio
1360 2465 1400 2498 lu
1435 2449 1487 2496 ali¹
1621 2465 1667 2496 ius
1699 2464 1838 2495 inaliena

206 2528 308 2568 (post
335 2538 348 2553 s
374 2535 458 2563 ras„
487 2524 629 2558 uidetur
651 2525 768 2568 sitisse
795 2527 818 2567 1)
956 2524 992 2558 19
1026 2525 1217 2566 querendiq:
1342 2525 1381 2556 21
1421 2524 1527 2555 aliena
1554 2522 1687 2567 Neap:
1718 2523 1839 2554 alienas

347 2584 521 2613 summouit
549 2586 559 2624 t
565 2585 587 2614 it
613 2583 647 2616 in
675 2590 765 2621 ras.)
913 2583 955 2617 ‘23
991 2585 1086 2615 urbes
1112 2581 1321 2623 Pina-ianm,
1349 2582 1450 2616 cuias
1476 2581 1717 2616 coniecturam
1745 2591 1837 2615 oom-

204 2640 463 2675 mendsmerzmt
499 2640 649 2687 Maduiy
684 2646 717 2675 el
754 2642 881 2682 Gertz,
917 2642 983 2676 sed
1018 2641 1100 2676 m'de
1131 2640 1252 2675 Vellei.
1288 2640 1429 2675 Patere.
1462 2644 1488 2683 1,
1517 2643 1550 2681 4,
1578 2643 1596 2673 3
1634 2651 1754 2683 magna
1790 2641 1836 2671 uis

205 2702 353 2732 Graecae
388 2701 573 2739 iuuentuti„
611 2703 810 2734 abundantia
846 2703 959 2733 uirium
992 2702 1084 2733 sedes
1121 2702 1322 2743 quaeritans,
1357 2702 1388 2732 in
1415 2701 1525 2732 Asiam
1554 2711 1587 2731 se
1614 2700 1742 2739 effudit,
1778 2697 1840 2732 ubi

204 2781 309 2816 Kritz
336 2786 433 2817 recle
461 2782 620 2817 Senecae
647 2783 761 2818 locum
789 2783 1015 2829 comparauit
1185 2784 1357 2825 frequentis
1515 2782 1559 2816 ‘25
1594 2758 1670 2823 hon}

206 2843 356 2874 laudatae
383 2841 486 2876 deth:
518 2844 677 2875 laudata-*1

1870 219 1881 251 l

1864 710 1884 743 10
