1977 3231
469 112 572 141 DIAL.
588 112 654 140 XII.
694 112 748 138 AD
768 111 970 138 POLYBlVM
993 112 1045 138 DE
1065 111 1386 139 CONSOLATIONE.
1427 113 1469 138 18.
1691 114 1769 153 291

107 221 128 254 ‘2
155 210 386 257 circumda,
429 222 481 248 ne
523 223 577 248 ex
622 208 701 248 ulla
742 209 797 248 tui
837 214 956 261 parte
993 209 1174 248 inueniat
1205 208 1416 248 introitum
1449 207 1580 247 dolor.
1643 205 1777 246 fratris

154 294 321 333 quoque
353 279 410 318 tui
432 280 593 331 produc
616 279 862 318 memoriam
886 278 1023 330 aliquo
1045 279 1291 330 scriptorum
1316 278 1576 317 monimento
1600 285 1776 317 tuorum.

155 351 238 390 hoc
279 351 387 389 enim
432 344 570 389 unum*
593 355 654 389 est
687 363 739 388 ex
770 349 893 388 rebus
924 348 1114 388 humanis
1147 362 1272 401 opus,
1315 349 1377 388 cui
1409 347 1518 387 nulla
1549 354 1778 400 tempestas

156 426 325 468 noceat,
377 421 493 472 quod
545 420 654 459 nulla
707 425 927 459 consumat
970 425 1164 458 uetustas,
1238 425 1375 458 cetera
1416 432 1523 470 quae
1565 432 1638 471 per
1680 432 1776 457 con-

155 491 426 531 structionem
459 491 643 544 lapidum
677 496 718 529 et
751 503 1008 528 marmoreas
1041 489 1173 528 moles
1205 496 1276 528 aut
1308 496 1494 528 terrenos
1527 489 1708 528 tumulos
1740 489 1780 527 in
1800 498 1815 523 5

156 574 355 613 magnam
410 562 584 600 eductos
633 560 891 599 altitudinem
936 566 1151 608 constant,
1203 573 1287 599 non
1330 567 1565 612 propagant
1608 559 1779 611 longam

157 633 290 680 diem,
333 632 486 685 quippe
528 638 569 670 et
611 632 699 684 ipsa
741 631 970 669 intereunt:
1017 630 1247 669 inmortalis
1292 637 1354 669 est
1387 631 1535 681 ingenii
1568 630 1780 669 memoria.

157 703 264 745 hanc
295 709 340 742 tu
372 701 483 741 fratri
516 709 589 741 tuo
623 701 782 753 largire,
815 702 854 740 in
887 701 965 740 hac
995 714 1088 740 eum
1120 700 1303 740 conloca.
1359 700 1502 739 melius
1525 701 1635 740 illum
1660 700 1779 739 dura-

111 784 130 816 3
158 780 250 813 11110
282 786 448 825 semper
480 772 743 811 consecrabis
776 773 940 824 ingenio
973 785 1099 824 quam
1133 772 1252 810 inrito
1277 771 1423 810 dolore
1445 770 1605 822 lugebis
1669 770 1782 823 quod

157 844 211 883 ad
244 844 377 896 ipsam
410 842 618 882 fortunam
652 845 850 896 pertinet,
894 844 1055 882 etiamsi
1088 856 1196 881 nunc
1228 842 1295 893 agi
1326 843 1436 894 apud
1469 849 1511 880 te
1543 855 1665 881 causa
1697 843 1783 881 eius
1806 849 1835 874 ¹0

159 928 242 953 non
285 920 446 967 potest,
490 914 631 953 omnia
673 915 781 953 enim
824 913 910 961 illa,
954 927 1061 965 quae
1102 913 1223 952 nobis
1256 913 1393 960 dedit,
1436 912 1492 951 ob
1526 913 1605 951 1106
1636 913 1782 965 ipsum,

158 987 275 1038 quod
318 985 467 1037 aliquid
511 985 676 1037 eripuit,
720 985 849 1024 inuisa
880 990 996 1032 sunt,
1048 991 1144 1023 tunc
1182 990 1324 1023 tamen
1357 984 1431 1022 erit
1464 983 1647 1034 agenda,
1689 996 1783 1022 cum

159 1057 339 1109 primum
383 1057 622 1108 aequiorem
656 1061 697 1094 te
730 1054 781 1094 illi
814 1055 992 1094 iudicem
1026 1055 1112 1093 dies
1144 1054 1295 1094 fecerit.
1358 1060 1455 1093 tunc·
1487 1054 1595 1093 enim
1629 1055 1785 1105 poteris

160 1128 199 1167 in
243 1127 419 1179 gratiam
462 1140 557 1166 cum
601 1126 667 1165 illa
710 1127 853 1165 redire.
928 1139 1025 1165 nam
1072 1125 1202 1164 multa
1243 1126 1447 1178 prouidit,
1489 1125 1637 1177 quibus
1680 1124 1786 1163 hanc

160 1199 405 1237 emendaret
437 1198 634 1237 iniuriam.
688 1197 818 1236 multa
841 1197 1077 1236 etiamnunc
1100 1197 1227 1244 dabit,
1260 1196 1408 1248 quibus
1432 1197 1618 1234 redimat.
1672 1195 1783 1234 deni·
1809 1201 1839 1226 ¹5

113 1276 134 1310 4
161 1283 243 1321 que
275 1270 408 1321 ipsum
442 1268 534 1316 hoc,
568 1268 681 1321 quod
715 1267 896 1315 abstulit,
928 1268 1018 1319 ipsa
1050 1267 1224 1306 dederat
1256 1266 1338 1306 tibi.
1402 1266 1481 1305 noli
1511 1279 1612 1317 ergo
1642 1271 1787 1304 contra

160 1347 202 1379 te
244 1340 409 1391 ingenio
452 1340 510 1379 uti
552 1346 645 1387 tuo,
690 1338 773 1378 noli
814 1339 962 1378 adesse
1005 1338 1140 1377 dolori
1182 1345 1264 1377 tuo.
1328 1343 1469 1389 potest
1502 1337 1668 1388 quidem
1703 1335 1786 1374 elo-

160 1411 327 1463 quentia
359 1416 440 1459 tua,
473 1424 580 1463 quae
612 1424 741 1462 parua
773 1416 878 1456 sunt,
912 1409 1148 1462 adprobare
1170 1423 1246 1461 pro
1271 1408 1443 1460 magnis,
1476 1421 1612 1446 rursus
1635 1419 1789 1458 magna

161 1483 389 1521 adtenuare
431 1488 472 1521 et
514 1481 566 1520 ad
610 1482 780 1520 minima
823 1481 1040 1519 deducere.
1124 1480 1199 1518 sed
1242 1479 1320 1518 alio
1364 1479 1460 1517 istas
1505 1479 1608 1517 uires
1650 1482 1789 1516 seruet

161 1567 265 1599 suas,
299 1566 408 1592 nunc
438 1557 530 1592 tota
562 1567 606 1591 se
638 1554 677 1591 in
711 1552 909 1591 solacium
943 1559 1059 1591 tuum
1093 1550 1288 1590 conferat.
1351 1550 1425 1589 sed
1459 1556 1599 1589 tamen
1623 1548 1788 1601 dispice,
1808 1551 1842 1576 ‘20

162 1638 214 1663 ne
246 1624 327 1663 hoc
358 1625 439 1663 iam
473 1632 644 1676 quoque
673 1624 806 1676 ipsum
840 1623 891 1661 sit
923 1635 1235 1674 superuacuum.
1300 1621 1452 1672 aliquid
1486 1620 1594 1658 enim
1623 1632 1646 1657 a
1668 1618 1789 1657 nobis

116 1702 135 1735 5
162 1702 307 1734 natura
350 1695 500 1745 exigit,
544 1694 634 1747 plus
673 1696 855 1733 uanitate
889 1692 1155 1733 contrahitur.
1218 1704 1446 1743 numquam
1479 1696 1618 1729 autem
1653 1702 1734 1741 ego
1767 1702 1790 1727 a

163 1772 221 1813 te,
255 1778 307 1804 ne
339 1779 394 1804 ex
426 1771 520 1805 toto
555 1779 754 1812 maereas,
784 1765 967 1816 exigam.
1031 1770 1070 1802 et
1103 1764 1188 1802 scio
1220 1763 1389 1802 inueniri
1421 1762 1628 1813 quosdam
1663 1761 1790 1799 durae

164 1836 296 1888 magis
339 1850 464 1888 quam
507 1836 624 1875 fortis
666 1837 909 1888 prudentiae
953 1836 1082 1881 uiros,
1126 1835 1195 1886 qui
1237 1839 1392 1884 negent
1435 1832 1658 1871 doliturum
1700 1844 1790 1869 esse

164 1907 421 1958 sapientem:
469 1906 508 1946 hi
547 1920 631 1946 non
665 1907 856 1946 uidentur
889 1905 986 1944 mihi
1017 1917 1217 1956 umquam
1250 1905 1287 1943 in
1323 1903 1526 1942 eiusmodi
1558 1914 1701 1941 casum
1733 1901 1789 1939 in-
1812 1905 1845 1930 '25

164 1977 322 2016 cidisse.
387 1977 539 2030 alioqui
571 1978 823 2017 excussisset
854 1976 929 2016 illis
963 1975 1126 2015 fortuna
1154 1974 1379 2027 superbam
1409 1973 1652 2026 sapientiam
1677 1977 1718 2010 et
1741 1971 1793 2010 ad

119 2057 138 2089 ti
165 2048 471 2088 confessionem
504 2061 578 2088 eos
610 2061 752 2087 ueram
785 2050 911 2086 etiam
934 2048 1084 2086 inuitos
1107 2044 1370 2098 conpulisset.
1423 2044 1523 2083 satis
1545 2042 1796 2096 praestiterit

174 2251 181 2280 1
223 2260 260 2280 ex
287 2249 342 2279 illa
369 2247 404 2282 B
524 2250 542 2280 2
578 2248 778 2279 monimento
806 2249 834 2280 Α
869 2248 1070 2278 munimento
1102 2243 1168 2278 DE
1199 2252 1408 2275 monumento
1441 2241 1470 2276 B
1591 2242 1610 2273 :3
1640 2254 1676 2273 ex
1703 2242 1798 2273 rebus

168 2308 319 2338 humanis
345 2305 496 2351 Madw'q
533 2308 625 2338 rebus
651 2307 802 2338 humanis
830 2305 937 2350 unlsso
1081 2304 1102 2337 4
1138 2304 1391 2335 constructiones
1418 2300 1517 2335 malit
1546 2299 1653 2335 Gerlz

169 2368 189 2399 ti
216 2367 348 2397 eductos
373 2366 499 2399 omitti!
526 2365 561 2399 E
679 2370 699 2398 «δ’
726 2366 852 2396 duratio
877 2363 906 2398 Β
1027 2363 1047 2397 9
1075 2364 1169 2395 inrito
1197 2361 1322 2395 omittit
1348 2361 1378 2395 A
1405 2361 1452 2402 (in
1481 2361 1644 2405 mar-qim
1669 2359 1799 2393 tullerit

171 2435 214 2459 m.
237 2426 270 2468 2)
391 2426 425 2458 ll
455 2426 549 2457 uobis
571 2424 601 2458 Β
730 2424 764 2457 14
792 2424 909 2455 multos
929 2422 998 2457 DE
1125 2422 1160 2455 15
1188 2422 1268 2452 milli
1287 2423 1383 2452 etiam
1407 2419 1436 2453 Β
1563 2419 1600 2453 1Τ
1621 2420 1663 2450 1111
1683 2419 1749 2449 11011
1773 2416 1805 2451 Ε

294 2483 334 2517 19
362 2485 437 2516 istas
467 2483 573 2518 Gertz
602 2486 660 2516 ista
688 2483 796 2528 nul-(jo
917 2483 961 2516 211
988 2494 1070 2514 nunc
1098 2487 1163 2512 tota
1190 2492 1223 2512 se
1250 2482 1278 2511 in
1306 2480 1463 2511 solacium
1482 2477 1538 2512 E²
1565 2490 1647 2509 nune
1677 2484 1743 2509 tota
1771 2479 1801 2508 in

171 2544 321 2575 solatium
350 2542 382 2577 B
414 2555 496 2575 1111116
523 2550 590 2575 tota
618 2545 648 2575 in
675 2544 824 2574 solatium
852 2554 886 2574 se
916 2540 983 2575 DE
1092 2542 1147 2572 sed
1176 2546 1283 2571 tamen
1310 2539 1339 2572 Α
1367 2544 1396 2570 61
1422 2544 1528 2569 tamen
1561 2535 1662 2570 BDE

171 2604 302 2644 despice
332 2601 434 2637 BDE
552 2603 590 2637 21
623 2614 640 2634 a
667 2608 779 2633 natura
807 2603 942 2643 exigitur
960 2599 1030 2634 DE
1149 2598 1191 2631 “30
1219 2598 1361 2639 alioquin
1388 2597 1526 2628 excussis
1553 2596 1614 2626 illis
1642 2596 1801 2625 fortunam

173 2664 203 2694 in
238 2664 410 2704 superbam
444 2664 636 2705 sapientiam
669 2661 698 2695 Β
732 2662 874 2703 alioquin
911 2668 961 2691 aut
996 2665 1122 2691 excuset
1155 2664 1207 2689 aut
1234 2658 1395 2688 fortunam
1422 2656 1559 2697 superba
1586 2654 1744 2695 sapientia
1774 2651 1804 2685 D

174 2722 318 2763 alioquin
345 2728 396 2753 aut
424 2728 565 2754 excusset
592 2723 753 2753 fortunam
781 2721 919 2762 superba
945 2719 1103 2760 sapientia
1134 2716 1166 2750 E
1314 2715 1358 2748 27
1394 2716 1491 2747 etiam
1528 2714 1642 2744 inuitos
1669 2723 1803 2753 compu-

171 2781 259 2812 lisset
286 2780 314 2813 Α
350 2782 447 2812 etiarn
483 2792 537 2813 eos
573 2782 689 2812 inuitos
725 2780 932 2821 compulisset
965 2777 993 2811 Β
1027 2778 1263 2808 consessionem
1299 2785 1408 2806 ueram
1443 2774 1539 2804 etiam
1576 2784 1631 2803 eos
1657 2770 1802 2811 complut

175 2840 292 2871 inuitos
321 2837 351 2873 D
378 2840 616 2872 confessionem
644 2850 752 2871 ueram
781 2839 877 2870 etiam
905 2849 960 2869 eos
986 2837 1160 2878 compellat
1189 2835 1308 2866 inuitos
1336 2831 1369 2866 E

1455 2889 1524 2923 ¹19*
