1977 3231
53 460 73 492 Ιύ

589 146 692 172 DIAL.
714 146 748 173 V.
789 146 840 171 DE
861 147 927 171 IRA
951 146 1022 173 LIB.
1045 145 1095 172 ΠΙ.
1134 147 1177 172 5³6.
1198 146 1242 173 37.
1380 159 1391 169 .
1646 152 1658 188 1
1678 152 1725 190 15

107 245 310 284 rationem
346 242 605 282 reddendam
640 244 854 283 uocandus
887 249 959 284 est.
1014 242 1199 284 faciebat·
1224 242 1306 283 hoc
1338 243 1519 291 Sextius,
1552 250 1596 283 ut
1628 258 1725 283 con-

101 319 314 354 summato
346 313 431 361 die,
475 327 568 352 cum
602 327 647 352 se
679 314 732 352 ad
766 320 1012 354 nocturnam
1046 316 1229 366 quietem
1263 317 1511 367 recepisset,
1553 317 1724 354 interro-

100 390 220 435 garet
252 386 435 423 animum
468 398 612 423 suum:
659 385 773 436 quod
806 384 932 424 hodie
965 384 1119 424 malum
1153 392 1268 425 tuum
1302 388 1484 426 sanasti?
1529 388 1590 425 cui
1624 388 1725 426 uitio

100 454 327 494 obstitisti?
380 466 465 506 qua·
503 461 622 506 parte
666 455 812 494 melior
853 457 923 494 es?
977 456 1139 495 desinet
1182 458 1240 495 ira
1272 462 1314 495 et
1347 458 1606 496 moderatior
1638 459 1725 505 erit,

98 539 205 578 quae
235 527 337 565 sciet
369 525 444 565 sibi
478 527 632 565 cotidie
663 526 715 565 ad
749 527 929 565 iudicem
963 539 1054 565 esse
1077 528 1335 566 ueniendum.
1380 529 1599 579 quicquam
1622 541 1725 581 ergo
1747 536 1762 560 5

98 596 304 648 pulchrius
355 596 432 635 hac
481 598 782 636 consuetudine
833 597 1070 635 excutiendi
1114 603 1250 636 totum
1294 598 1434 636 diem?
1488 598 1618 650 qualis
1658 597 1726 637 ille

97 680 268 707 somnus
300 674 397 718 post
430 668 762 718 recognitionem
795 668 854 705 sui
887 669 1096 719 sequitur?
1139 681 1264 719 quam
1298 667 1560 720 tranquillus,
1599 683 1724 721 quam

97 737 203 777 altus
245 751 294 777 ac
334 738 457 781 liber.
500 752 594 776 cum
638 744 708 777 aut
750 736 940 776 laudatus
983 744 1046 777 est
1089 740 1250 777 animus
1292 745 1362 778 aut
1405 740 1644 779 admonitus
1683 747 1725 780 et

50 812 68 845 ζ’
96 808 334 860 speculator
364 810 423 847 sui
457 822 687 861 censorque
718 813 901 847 secretus
934 811 1133 860 cognouit
1166 810 1218 848 de
1251 809 1437 848 moribus
1469 812 1577 849 suis?
1630 817 1725 851 utor

96 878 175 918 hac
206 885 421 931 potestate
453 886 494 918 et
526 880 680 918 cotidie
719 879 830 931 apud
862 892 930 918 me
963 893 1129 918 causam
1163 879 1266 919 dico.
1331 893 1424 919 cum
1457 880 1666 920 sublatum
1701 894 1723 920 e
1746 895 1777 920 ιο

97 956 323 1001 conspectu
365 949 504 988 lumen
547 956 610 989 est
653 956 695 989 et
737 951 935 989 conticuit
978 964 1086 988 uxor
1128 952 1256 989 moris
1300 952 1379 989 mei
1421 952 1503 990 iam
1547 953 1723 1000 conscia,

95 1026 231 1060 totum
265 1020 374 1060 diem
409 1033 572 1059 mecum
606 1026 768 1059 scrutor
800 1019 992 1072 factaque
1023 1034 1072 1060 ac
1104 1022 1215 1060 dicta
1249 1035 1350 1071 mea·
1374 1024 1582 1062 remetior.
1625 1022 1723 1062 nihil

97 1090 193 1130 mihi
226 1092 314 1144 ipse
346 1091 574 1137 abscondo,
609 1090 705 1130 nihil
738 1097 918 1130 transeo,
963 1105 1090 1143 quare
1123 1093 1232 1130 enim
1256 1094 1475 1144 quicquam
1500 1107 1554 1132 ex
1577 1095 1720 1133 errori*

95 1161 171 1200 bus
205 1163 308 1201 meis
340 1163 524 1209 timeam,
557 1175 650 1200 cum
684 1163 842 1213 possim
867 1163 1026 1201 dicere:
1065 1163 1159 1201 uide
1183 1176 1234 1201 ne
1255 1162 1363 1202 istud
1388 1162 1563 1215 amplius
1586 1163 1721 1211 facias,

51 1234 63 1284 A'
95 1246 202 1271 nunc
233 1232 307 1272 tibi
339 1234 524 1283 ignosco.
590 1233 629 1270 in
662 1231 728 1271 illa
761 1232 1045 1284 disputatione
1078 1235 1306 1284 pugnacius
1339 1233 1497 1272 locutus
1530 1248 1586 1273 es.
1638 1235 1720 1275 noli
1746 1248 1775 1271 ιε,

93 1310 242 1355 postea
275 1303 475 1355 congredi
507 1316 600 1341 cum
635 1304 842 1354 inperitis:
880 1302 1027 1342 nolunt
1061 1304 1231 1351 discere,
1265 1306 1333 1356 qui
1367 1318 1592 1357 numquam
1617 1306 1720 1345 didi-

93 1380 246 1413 cerunt.
309 1373 421 1412 illum
475 1373 640 1412 liberius
691 1373 944 1413 admonuisti
997 1388 1122 1425 quam
1177 1374 1374 1414 debebas,
1445 1377 1585 1427 itaque
1636 1390 1720 1416 non

94 1445 346 1490 emendasti,
371 1444 455 1483 ,sed
489 1444 708 1483 offendisti.
771 1443 824 1482 de
856 1450 997 1483 cetero
1031 1445 1146 1491 uide,
1180 1458 1263 1484 non
1296 1451 1457 1484 tantum
1492 1460 1543 1485 an
1576 1460 1719 1486 uerum

92 1514 143 1553 sit
185 1515 297 1567 quod
342 1514 463 1561 dicis,
506 1514 580 1553 sed
613 1527 664 1552 an
696 1513 762 1553 ille
795 1514 857 1553 cui
890 1515 1038 1554 dicitur
1070 1515 1153 1554 ueri
1185 1516 1345 1566 patiens
1376 1517 1440 1556 sit.
1502 1518 1717 1557 admoneri

92 1584 228 1624 bonus
259 1585 440 1636 gaudet:
477 1586 679 1636 pessimus
711 1586 884 1637 quisque
916 1591 1122 1624 rectorem
1156 1587 1383 1638 asperrime
1414 1589 1578 1638 patitur.
1738 1600 1770 1624 20

209 1655 427 1694 XXXVII.
490 1655 535 1693 In
584 1655 775 1694 conuiuio
823 1657 1084 1706 quorundam
1127 1663 1168 1695 te
1210 1656 1318 1696 sales
1360 1664 1402 1697 et
1444 1659 1482 1696 in
1525 1658 1716 1698 dolorem

90 1732 208 1765 tuum
251 1725 358 1765 iacta
390 1725 519 1765 uerba
551 1727 806 1777 tetigerunt:
853 1726 983 1766 uitare
1016 1726 1209 1778 uolgares
1243 1729 1456 1767 conuictus
1490 1736 1717 1769 memento.

88 1795 262 1836 solutior
304 1803 367 1836 est
404 1803 502 1849 post
535 1798 674 1836 uinum
707 1796 891 1844 licentia,
935 1798 1084 1848 quibus
1117 1812 1168 1836 ne
1200 1798 1348 1838 sobriis
1380 1799 1549 1850 quidem
1582 1800 1719 1851 pudor

42 1877 59 1904 ἲ.
89 1873 162 1906 cst.
224 1867 372 1906 iratum
421 1868 555 1907 uidisti
604 1867 782 1907 amicum
833 1874 950 1906 tuum
994 1868 1161 1908 ostiario
1205 1869 1397 1908 causidici
1440 1869 1606 1909 alicuius
1647 1877 1718 1910 aut

89 1937 234 1984 diuitis,
268 1938 383 1989 quod
415 1938 637 1977 intrantem
670 1943 968 1985 summoueiat,
1003 1945 1044 1977 et
1076 1939 1162 1991 ipse
1184 1953 1260 1992 pro
1283 1939 1351 1978 illo
1374 1940 1499 1979 iratus
1522 1946 1716 1980 extremo
1737 1953 1771 1976 -.›.-·›

89 2008 294 2060 mancipio
328 2007 461 2047 fuisti:
498 2009 680 2048 irasceris
713 2022 815 2060 ergo
849 2010 1058 2048 catenario
1091 2011 1208 2049 cani?
1242 2017 1283 2049 et
1314 2010 1391 2058 hic,
1423 2024 1516 2050 cum
1541 2011 1716 2051 multum

42 2084 60 2113 :‘
88 2078 262 2126 latrauit,
306 2078 474 2118 obiecto
517 2078 610 2118 cibo
654 2080 913 2118 mansuescit.
975 2081 1125 2119 recede
1166 2079 1330 2133 longius
1372 2087 1413 2120 et
1451 2081 1548 2121 ride.
1610 2095 1717 2122 nunc

88 2149 164 2188 iste
216 2148 395 2201 aliquem
444 2163 488 2188 se
537 2156 678 2202 putat,
733 2151 847 2201 quod
900 2150 1082 2189 custodit
1133 2150 1386 2202 litigatorum
1430 2152 1551 2192 turba
1592 2152 1715 2192 limen

88 2219 318 2259 obsessum.
382 2233 490 2259 nunc
531 2220 598 2259 ille
647 2221 713 2272 qui
757 2221 860 2259 intra
902 2221 1028 2268 iacet,
1071 2220 1167 2260 felix
1212 2221 1527 2275 fortunatusque
1570 2228 1632 2262 est
1674 2230 1715 2263 et

87 2290 198 2329 beati
230 2289 409 2329 hominis
441 2291 594 2330 iudicat
625 2304 674 2330 ac
705 2292 887 2343 potentis¹
919 2292 1112 2340 indicium
1136 2291 1343 2331 difficilem
1367 2293 1542 2332 ianuam.
1586 2295 1715 2333 nescit
1735 2306 1767 2329 3¹·

87 2361 352 2400 durissimum
386 2374 476 2400 esse
508 2362 659 2400 ostium
691 2362 876 2401 carceris.
929 2375 1148 2413 praesume
1183 2364 1323 2401 animo
1357 2363 1487 2403 multa
1519 2364 1592 2404 tibi
1624 2378 1715 2404 esse

86 2431 293 2484 patienda.
366 2432 557 2484 numquis
606 2445 649 2470 se
691 2431 828 2470 hieme
871 2431 1010 2483 algere
1054 2432 1252 2471 miratur?
1306 2435 1496 2485 numquis
1534 2435 1573 2473 in
1613 2436 1713 2474 mari

87 2502 294 2550 nausiare,
331 2503 370 2541 in
403 2503 468 2542 uia
500 2503 690 2542 concuti?
733 2502 848 2542 fortis
892 2508 954 2542 est
997 2504 1157 2542 animus
1200 2504 1253 2542 ad
1297 2517 1403 2555 quae
1445 2513 1714 2558 praeparatus

86 2653 105 2687 »l
134 2642 264 2687 melior*
280 2666 312 2685 es
425 2654 444 2684 ἦ
471 2655 532 2685 sibi
561 2653 778 2688 deleriorav:
808 2655 869 2685 sibi
896 2659 926 2686 et
1039 2656 1058 2688 9
1087 2657 1240 2696 cognouit
1270 2655 1398 2690 Gertz:
1429 2658 1597 2698 cognoscit

1210 2712 1230 2738 ti

94 2748 131 2780 li)
165 2754 240 2789 aput
380 2749 420 2781 1¹3
447 2759 572 2780 mecum
601 2747 736 2793 Νααμῑ
767 2760 872 2779 meum
1020 2748 1050 2781 ll
1094 2750 1295 2783 meis-*mea
1471 2750 1506 2783 17»
1541 2752 1711 2792 pugnatius

213 2818 245 2838 es
271 2805 398 2851 melyo:
428 2812 473 2838 cst
616 2807 653 2839 lli
689 2808 846 2848 imperitis
982 2809 1025 2840 223
1061 2808 1176 2849 quibus
1202 2819 1241 2840 ne
1266 2809 1383 2840 sobriis
1415 2810 1544 2851 quidem
1581 2808 1707 2843 Gel'lzt

86 2866 202 2907 quinne
228 2866 333 2897 sobris·
359 2867 488 2907 quidem

1374 2928 1424 2955 μ’*
