2008 3221
214 115 297 156 *2ss0
414 113 587 140 DIAL.X1.
626 111 679 137 AD
702 111 882 137 HELVIAM
903 110 1075 137 MATREM
1098 111 1150 136 DE
1171 110 1492 141 CONSOLATIONE.
1533 115 1573 141 1¹.
1600 115 1637 142 Γ).

212 217 253 251 et
295 212 509 251 nationum
553 210 740 249 omnium
783 209 967 263 lapides:
1015 209 1093 249 ista
1134 216 1412 261 congerantur
1452 210 1568 260 licet,
1609 225 1837 265 numquam

212 282 443 335 explebunt
485 281 780 334 inexplebilem
824 282 1030 329 animum,
1073 294 1157 319 non
1201 282 1334 333 magis
1372 295 1499 333 quam
1531 281 1635 321 ullus
1667 282 1839 322 sufficiet

211 367 332 393 umor
364 354 418 392 ad
449 353 684 391 satiandum
718 366 830 399 eum,
864 352 974 391 cuius
1009 351 1259 390 desiderium
1292 366 1377 391 non
1409 366 1464 392 ex
1495 353 1645 404 inopia,
1677 354 1751 392 sed
1784 367 1839 393 ex

211 429 327 463 aestu
360 423 594 462 ardentium
627 422 831 461 uiscerum
864 422 1003 462 oritur.
1066 435 1150 460 non
1184 422 1293 461 enirn
1325 422 1411 462 sitis
1443 422 1526 471 illa,
1558 425 1633 463 sed
1667 423 1839 463 morbus

159 511 172 533 τ,
211 500 283 533 est.
357 507 433 533 nec
484 492 565 532 hoc
613 493 652 531 in
694 494 868 545 pecunia
910 499 1072 533 tantum
1117 499 1188 532 aut
1229 492 1434 533 alimentis
1476 494 1633 534 euenit:
1690 495 1840 534 eadem

162 866 189 889 10

161 1221 189 1245 15

157 1574 190 1599 2«)

161 2284 193 2307 30

210 571 356 604 natura
388 570 450 603 est
483 565 522 603 in
555 565 669 603 omni
702 563 930 611 desiderio,
973 564 1087 616 quod
1122 564 1253 603 modo
1286 577 1370 603 non
1403 578 1458 603 ex
1490 565 1648 617 inopia,
1680 565 1753 605 sed
1786 578 1840 604 ex

210 637 310 675 uitio
354 636 544 674 nascitur.
608 634 805 687 quidquid
840 634 891 673 illi
924 635 1204 686 congesseriS,
1248 648 1333 674 non
1365 634 1454 675 finis
1487 636 1562 675 erit
1594 637 1841 688 cupiditatis,

210 708 285 746 sed
328 707 494 759 gradus.
576 706 645 758 qui
688 705 916 745 continebit
959 706 1098 758 itaque
1140 719 1186 745 se
1228 706 1333 745 intra
1376 707 1610 747 naturalem
1652 707 1840 755 modum,

209 783 501 831 paupertatem
534 791 619 816 non
651 777 827 817 sentiet:
874 777 942 828 qui
975 776 1206 816 naturalem
1241 778 1415 817 modum
1449 779 1641 826 excedet,
1674 791 1770 817 eum
1802 778 1841 817 in

210 848 384 888 summis
426 862 594 900 quoque
637 848 786 900 opibus
828 854 1052 901 paupertas
1093 855 1298 900 sequetur.
1363 849 1602 888 necessariis
1641 849 1763 888 rebus
1801 854 1842 888 et

211 919 334 960 exilia
374 919 600 967 sufficiunt,
643 919 909 972 superuacuis
952 933 1029 959 nec
1071 933 1210 971 regna.
1273 920 1433 959 animus
1466 926 1550 968 est,
1593 921 1662 972 qui
1694 920 1880 960 diuites?

210 991 314 1030 facit.
377 990 443 1030 hic
485 991 524 1029 in
567 989 690 1029 exilia
730 991 917 1042 sequitur
960 996 1003 1030 et
1044 991 1083 1029 in
1126 990 1415 1030 solitudinibus
1448 991 1705 1043 asperrimis,
1747 1004 1841 1031 cum

210 1068 412 1114 quantum
445 1062 543 1101 satis
576 1067 639 1101 est
670 1062 915 1101 sustinendo
949 1061 1112 1113 corpori
1146 1062 1311 1109 inuenit,
1344 1062 1431 1114 ipse
1462 1061 1585 1101 bonis
1607 1063 1690 1101 suis
1711 1061 1839 1108 abun-

211 1135 283 1173 dat
316 1140 357 1173 et
390 1133 557 1172 fruitur:
605 1133 780 1184 pecunia
811 1133 865 1171 ad
895 1133 1079 1172 animum
1109 1132 1206 1171 nihil
1228 1133 1419 1184 pertinet,
1453 1147 1537 1172 non
1561 1133 1694 1185 magis
1716 1147 1842 1186 quam

210 1206 263 1244 ad
307 1205 410 1244 deos
453 1203 694 1243 inmortales
737 1205 878 1243 omnia
919 1204 1018 1251 ista,
1070 1217 1177 1256 quae
1218 1204 1392 1255 inperita
1434 1204 1598 1256 ingenia
1640 1210 1682 1244 et
1723 1204 1843 1244 nimis

211 1276 454 1329 corporibus
496 1275 578 1314 suis
611 1275 781 1314 addicta
813 1274 1050 1327 suspiciunt.
1113 1273 1292 1327 lapides,
1336 1289 1503 1323 aurum,
1545 1280 1766 1327 argentum
1799 1281 1841 1315 et

211 1348 351 1399 magni
383 1346 590 1398 leuatique
623 1359 861 1385 mensarum
896 1345 1021 1385 orbes
1054 1352 1218 1385 terrena
1250 1352 1345 1385 sunt
1377 1346 1586 1399 pondera,
1619 1359 1726 1398 quae
1758 1359 1843 1385 non

211 1424 352 1472 potest
391 1431 531 1457 amare
572 1418 754 1456 sincerus
786 1417 947 1456 animus
980 1430 1028 1455 ac
1060 1423 1229 1456 naturae
1260 1430 1360 1455 suae
1393 1429 1578 1465 mernor,
1621 1416 1724 1456 labis
1756 1417 1844 1469 ipse

211 1503 363 1542 expers
396 1496 437 1528 et
469 1488 723 1541 quandoque
746 1488 920 1527 emissus
942 1487 1072 1535 fuerit,
1105 1488 1159 1526 ad
1182 1500 1347 1526 summa
1369 1489 1644 1527 emicaturus:
1682 1487 1844 1527 interim

211 1566 412 1613 quantum
465 1574 539 1613 per
590 1572 730 1599 moras
773 1558 1062 1598 membrorum
1105 1564 1147 1598 et
1190 1558 1297 1598 hanc
1340 1557 1629 1598 circumfusam
1670 1571 1843 1610 grauem

211 1632 413 1671 sarcinam
447 1630 553 1680 licet,
589 1630 708 1670 celeri
741 1635 783 1669 et
816 1629 971 1669 uolucri
1004 1630 1259 1682 cogitatione
1282 1630 1419 1669 diuina
1440 1629 1674 1682 perlustrat.
1727 1629 1842 1669 ideo-

211 1716 292 1755 que
335 1716 411 1742 nec
453 1701 625 1741 exulare
667 1714 866 1753 umquam
909 1706 1051 1753 potest
1093 1700 1197 1740 liber
1240 1707 1281 1740 et
1326 1701 1387 1739 dis
1420 1706 1624 1753 cognatus
1657 1705 1699 1740 et
1731 1699 1845 1739 omni

1869 1283 1889 1316 6

212 1774 371 1813 mundo
404 1774 601 1825 omnique
634 1785 740 1811 aeuo
773 1785 858 1825 par.
921 1785 1018 1810 nam
1052 1771 1254 1822 cogitatio
1288 1771 1372 1810 eius
1405 1772 1513 1811 circa
1534 1784 1660 1831 omne
1684 1770 1844 1811 caelum
1882 1804 1887 1807 ,

213 1850 254 1883 et
285 1845 325 1883 in
357 1858 484 1884 omne
506 1844 777 1896 praeteritum
801 1842 1068 1894 futurumque
1091 1849 1260 1894 tempus
1282 1843 1509 1882 inmittitur.
1552 1842 1845 1895 corpusculum

159 1930 188 1954 ·..»·
213 1915 315 1963 hoc,
348 1916 540 1955 custodia
571 1920 612 1954 et
646 1913 855 1953 uinculum
889 1914 1024 1961 animi,
1057 1913 1137 1952 huc
1169 1920 1294 1965 atque
1326 1912 1417 1952 illuc
1448 1915 1633 1953 iactatur.
1695 1913 1734 1952 in
1766 1912 1847 1952 hoc

213 1986 423 2039 supplicia,
447 1987 486 2025 in
509 1986 591 2025 hoc
612 1985 838 2032 latrocinia,
861 1984 899 2023 in
923 1983 1003 2023 hoc
1027 1984 1162 2023 morbi
1187 1991 1454 2023 exercentur:
1492 1985 1653 2023 animus
1675 1984 1845 2036 quidem

213 2058 300 2109 ipse
332 2070 449 2096 sacer
482 2062 522 2095 et
555 2062 747 2096 aeternus
781 2061 843 2094 est
878 2060 918 2094 et
952 2055 1014 2094 cui
1047 2068 1129 2094 non
1163 2056 1295 2107 possit
1327 2056 1417 2094 inici
1450 2069 1608 2094 manus,

334 2128 423 2168 XII.
467 2128 530 2166 Ne
564 2141 631 2166 me
664 2133 784 2179 putes
817 2127 871 2165 ad
901 2125 1104 2165 eleuanda
1126 2127 1398 2165 incommoda
1419 2127 1687 2179 paupertatis,
1720 2139 1845 2178 quam

214 2212 339 2238 nemo
363 2212 533 2250 grauem
558 2198 693 2246 sentit,
725 2198 797 2236 nisi
820 2198 888 2249 qui
910 2203 1041 2249 putat,
1066 2198 1122 2236 uti
1144 2203 1307 2236 tanturn
1330 2198 1564 2250 praeceptis
1586 2197 1847 2249 sapientium,

214 2270 394 2322 primum
436 2269 625 2322 adspice,
668 2275 824 2320 quanto
869 2269 1001 2308 maior
1042 2282 1138 2321 pars
1179 2269 1230 2307 sit
1273 2282 1528 2321 pauperum,
1572 2281 1679 2320 quos
1721 2267 1846 2307 nihilo

217 2470 235 2501 :3
264 2446 379 2501 humor
406 2470 441 2511 (h
470 2480 513 2503 m.
541 2468 628 2512 rec.)
799 2468 816 2501 -4
855 2470 1003 2501 ardentisi
1034 2469 1082 2511 (ar
1108 2468 1142 2501 in
1170 2469 1258 2510 ras.)
1413 2467 1433 2499 9
1461 2469 1591 2500 excedet
1618 2466 1693 2501 E':
1724 2468 1847 2504 excedit

359 2529 390 2561 ll
424 2529 518 2559 exilia
546 2529 580 2571 (li
609 2528 642 2561 in
671 2527 760 2571 ras.)
912 2528 949 2561 ΙΓ)
977 2529 1177 2559 immortales
1205 2528 1251 2567 (es
1277 2528 1386 2570 corr.)
1533 2528 1681 2569 imperita

223 2613 260 2645 1ιὸ
295 2613 378 2643 labis
406 2611 504 2645 Koch
533 2612 652 2655 (oneris
682 2610 866 2656 llllldlczy):
897 2612 974 2642 leuis
1146 2612 1185 2643 Μ’
1213 2612 1303 2643 sunia
1331 2595 1522 2641 emicaturus
1557 2610 1588 2651 (a
1613 2620 1669 2654 pr,
1697 2609 1732 2642 iu
1760 2611 1848 2651 ras.)

336 2672 373 2704 21
407 2673 576 2713 perlustrat
604 2673 610 2701 i
640 2673 662 2709 (ἰ
690 2670 773 2713 del.)
897 2670 940 2703 :32
967 2672 1094 2702 exulare
1120 2674 1242 2712 umqufi
1270 2672 1337 2713 (are
1363 2681 1415 2701 um
1442 2669 1477 2702 in
1504 2670 1590 2711 ras.)
1713 2668 1756 2701 :323
1790 2679 1849 2699 eno

217 2742 283 2773 par.
312 2732 365 2762 Νἴι
392 2731 562 2775 (praeter
588 2742 647 2761 cuo
675 2730 708 2762 in
728 2730 816 2770 ras.)
939 2729 978 2762 :24
1010 2729 1163 2760 immittisl
1284 2729 1324 2762 21
1356 2729 1461 2760 inici*
1490 2727 1590 2769 (satis
1609 2738 1739 2771 neuqua
1759 2728 1849 2767 ras.)

219 2802 340 2822 manus.
465 2792 508 2823 33¹.)
535 2791 737 2831 sapientium,
765 2790 905 2830 primum
925 2789 1151 2832 inlel·pmt.2'il
1171 2787 1339 2837 llladuiqz
1369 2786 1477 2832 'mllyo
1496 2788 1687 2828 sapientum.
1709 2787 1848 2817 Primum

336 2850 379 2881 :w
415 2850 523 2891 aspice
