2008 3221
227 870 254 894 10

227 1224 256 1249 15

224 1580 257 1604 20

282 121 359 158 [fib
578 115 681 142 DIAL.
697 115 761 141 VII.
802 116 854 140 AD
876 114 1110 141 GALLIONEM
1132 115 1186 140 DE
1205 115 1298 140 VITA
1320 115 1460 144 BEATA.
1504 118 1544 144 12.
1567 117 1608 144 ¹3.

276 213 509 252 libidinibus
551 212 633 251 suis
675 211 948 264 patrocinium
981 210 1151 264 aliquod
1183 226 1232 253 ac
1263 212 1556 254 uelamentum.
1618 215 1757 266 itaque
1788 216 1904 267 quod

276 298 402 324 unum
445 283 658 322 habebant
700 283 739 322 in
781 282 900 323 malis
933 283 1326 337 bonum„perdunt,
1369 286 1569 337 peccandi
1601 286 1904 326 uerecundiam.

275 355 446 394 laudant
478 355 586 393 enim
621 367 680 402 ea,
713 354 860 407 quibus
893 354 1197 395 erubescebant
1229 361 1270 395 et
1302 355 1402 395 uitio
1424 355 1663 409 gloriantur.
1725 357 1905 409 ideoque

275 440 327 465 ne
357 439 572 477 resurgere
593 426 764 478 quidem
788 426 1099 466 erubescentiae
1120 426 1225 475 licet,
1254 441 1348 467 cum
1371 427 1571 468 honestus
1593 428 1700 480 turpi
1724 428 1905 468 desidiae

275 497 416 537 titulus
449 498 642 537 accessit:
686 497 768 537 hoc
800 503 863 537 est
895 510 966 537 cur
996 498 1074 538 ista
1106 498 1333 551 uoluptatis
1364 498 1550 539 laudatio
1581 499 1811 552 perniciosa
1842 500 1905 547 sit,

275 569 370 622 quia
402 568 580 608 honesta
611 574 835 621 praecepta
866 570 971 609 intra
1002 568 1142 617 latent,
1175 569 1289 621 quod
1322 570 1562 622 corrumpit,
1594 576 1778 623 apparet.

392 640 503 681 XIII.
565 639 610 678 In
653 653 702 679 ea
742 640 911 692 quidem
956 641 1042 693 ipse
1082 641 1288 680 sententia
1318 655 1432 688 sum,
1476 641 1609 681 inuitis
1642 641 1724 681 hoc
1755 643 1906 682 nostris

274 711 543 764 popularibus
586 711 746 759 dicam,
796 717 940 751 sancta
981 711 1208 764 Epicurum
1252 718 1294 751 et
1336 717 1449 751 recta
1491 713 1728 765 praecipere
1771 719 1834 762 et,
1875 714 1907 753 si

275 783 448 836 propius
480 779 723 830 accesseris,
766 783 919 822 tristia:
967 782 1159 836 uoluptas
1193 784 1301 823 enim
1328 782 1400 822 illa
1431 784 1485 822 ad
1517 797 1691 835 paruum
1725 789 1767 824 et
1799 783 1908 824 exile

275 859 495 894 reuocatur
527 859 568 893 et
600 867 727 906 quam
761 867 838 893 nos
870 854 1008 894 uirtuti
1040 853 1179 906 legem
1213 854 1399 902 dicimus,
1432 868 1525 894 eam
1555 853 1620 894 ille
1643 855 1739 895 dicit
1761 854 1906 908 uolup-

276 926 369 965 tati:
407 925 520 964 iubet
551 924 659 964 illam
695 938 841 977 parere
872 931 1057 964 naturae.
1119 939 1266 979 parum
1306 931 1370 965 est
1402 931 1541 966 autem
1574 925 1761 965 luxuriae
1793 928 1908 979 quod

276 1002 448 1036 naturae
480 996 578 1036 satis
611 1002 684 1035 est.
746 997 845 1049 quid
879 1010 980 1048 ergo
1014 999 1103 1036 est?
1147 996 1238 1049 lille]
1273 997 1455 1049 quisquis
1489 998 1743 1037 desidiosum
1777 998 1907 1038 otium

277 1075 317 1108 et
350 1067 472 1120 gulae
504 1081 552 1107 ac
583 1068 762 1107 libidinis
796 1068 905 1107 uices
936 1066 1174 1108 felicitatem
1197 1073 1332 1116 uocat,
1363 1068 1524 1107 bonum
1548 1068 1681 1108 malae
1704 1069 1761 1108 rei
1783 1082 1908 1121 quae-

276 1140 326 1179 rit
359 1145 574 1179 auctorem
609 1145 670 1187 et,
714 1153 808 1180 cuni
841 1138 910 1178 illo
944 1141 1056 1180 uenit
1088 1139 1245 1178 blando
1278 1140 1448 1179 nomine
1479 1139 1693 1188 inductus,
1725 1140 1909 1192 sequitur

277 1211 538 1263 uoluptatem
581 1224 665 1250 non
698 1224 825 1263 quam
858 1210 993 1258 audit,
1037 1211 1112 1250 sed
1145 1224 1270 1263 quam
1305 1210 1461 1259 attulit,
1505 1217 1546 1250 et
1579 1212 1676 1250 uitia
1707 1224 1781 1250 sua
1814 1225 1907 1250 cum

277 1284 416 1335 coepit
468 1287 614 1334 putare
666 1281 813 1321 similia
860 1284 1113 1335 praeceptiS‚
1167 1281 1353 1334 indulget
1403 1282 1476 1321 illis
1519 1296 1603 1322 non
1646 1282 1790 1322 timide
1833 1295 1909 1321 nec

278 1354 454 1393 obscure
486 1353 726 1401 luxuriatur,
760 1353 835 1391 sed
868 1354 948 1392 iam
983 1353 1079 1392 inde
1110 1359 1258 1406 aperto
1291 1354 1436 1406 capite.
1481 1353 1619 1405 itaque
1652 1366 1736 1391 non
1760 1353 1907 1402 dicam,

277 1426 393 1478 quod
436 1424 621 1477 plerique
663 1430 924 1472 nostrorum,
968 1430 1127 1463 sectam
1160 1424 1326 1477 Epicuri
1370 1424 1621 1476 flagitiorum
1666 1425 1909 1476 magistram

279 1510 392 1545 esse,
435 1497 509 1535 sed
552 1495 652 1535 illud
696 1496 815 1535 dico:
853 1494 962 1535 male
994 1495 1126 1543 audit,
1171 1494 1332 1535 infamis
1365 1501 1448 1543 est,
1492 1501 1533 1534 et
1565 1496 1768 1535 inmerito.
1831 1495 1942 1535 hoc:

278 1568 381 1607 scire
413 1569 503 1619 quis
535 1571 677 1620 potest
710 1567 783 1605 nisi
816 1567 983 1606 interius
1015 1567 1249 1606 admissus?
1292 1566 1406 1606 frons
1436 1568 1520 1606 eius
1555 1567 1643 1619 ipsa
1675 1568 1746 1606 dat
1769 1567 1909 1606 locum

279 1637 443 1678 fabulae
486 1644 527 1678 et
560 1639 614 1677 ad
648 1638 800 1677 malam
833 1651 952 1691 spem
985 1638 1134 1678 inritat.
1197 1638 1279 1678 hoc
1311 1637 1393 1678 tale
1425 1643 1508 1686 est,
1548 1637 1669 1690 quale
1702 1638 1761 1677 uir
1793 1637 1910 1678 fortis

278 1709 428 1749 stolam
478 1710 656 1749 indutus.
720 1715 885 1749 constat
925 1709 997 1749 tibi
1040 1710 1257 1762 pudicitia,
1311 1709 1475 1749 uirilitas
1522 1708 1637 1749 salua
1662 1715 1762 1764 best,
1814 1708 1910 1748 nulli

279 1795 430 1834 corpus
471 1786 589 1820 tuum
622 1783 729 1833 turpi
763 1781 986 1832 patientiae
1018 1786 1161 1829 uacat,
1204 1781 1279 1821 sed
1310 1782 1350 1820 in
1383 1794 1508 1820 manu
1540 1787 1789 1833 tympanum
1824 1786 1905 1820 est:

278 1851 419 1891 titulus
452 1852 590 1904 itaque
623 1852 823 1891 honestus
857 1851 1033 1904 eligatur
1065 1858 1106 1892 et
1139 1852 1349 1904 inscriptio
1382 1852 1471 1904 ipsa
1503 1852 1692 1891 excitans
1714 1851 1910 1899 animum,

225 1938 239 1959 ι
278 1936 386 1975 quae
428 1928 531 1971 stat,
575 1924 819 1962 inuenerunt
862 1922 967 1962 uitia.
1030 1923 1212 1975 quisquis
1245 1924 1298 1962 ad
1331 1923 1526 1962 uirtutem
1560 1922 1752 1970 accessit,
1796 1921 1939 1962 dedit*

279 2007 510 2046 generosae
561 1994 710 2033 indolis
761 1994 984 2046 specimen.
1057 1994 1125 2047 qui
1178 1993 1439 2046 uoluptatem
1492 1994 1696 2046 sequitur,
1750 1994 1912 2033 uidetur

279 2065 451 2113 eneruis,
484 2064 647 2113 fractus,
681 2066 941 2117 degenerans
973 2065 1127 2113 uirum,
1160 2071 1434 2118 peruenturus
1466 2065 1505 2104 in
1537 2066 1691 2118 turpia,
1734 2065 1807 2105 nisi
1841 2064 1908 2104 ali-

280 2207 298 2238 :3
336 2208 479 2247 i‹le0‹1;-x—
634 2206 641 2238 Ῑ
678 2207 918 2238 erubescentiae
946 2204 1116 2251 Madw'y:
1157 2207 1376 2243 adulescentie
1411 2205 1488 2239 cod.
1524 2205 1575 2238 aa!
1607 2205 1703 2238 illam
1737 2204 1912 2239 conicetu-

281 2277 358 2299 ram
395 2264 646 2299 slabe'licndam
683 2264 805 2299 ualere
835 2268 953 2309 poles!
987 2264 1086 2309 quod
1116 2263 1227 2309 paulo
1263 2270 1345 2298 (mla
1379 2264 1414 2297 in
1447 2264 1610 2309 marye'ue
1643 2274 1750 2297 manu
1777 2267 1797 2298 4
1823 2266 1910 2306 pdsit

281 2326 503 2357 erubescentia
537 2324 760 2369 adscriplnm
793 2331 842 2358 cst
997 2324 1015 2357 ’ἶ
1052 2325 1120 2366 ipse
1158 2323 1353 2358 Grillerns:
1390 2325 1459 2366 ipsa
1604 2323 1624 2355 1)
1658 2324 1790 2365 propius
1812 2320 1910 2357 ''clete-

281 2384 399 2418 rinres
415 2397 420 2415 :
451 2385 608 2426 propitius
738 2384 773 2416 12
802 2388 857 2416 est.
887 2384 939 2415 ille
956 2384 1098 2425 quisquis
1117 2382 1194 2417 cod.
1214 2387 1296 2428 post
1314 2383 1469 2427 spatium
1490 2382 1595 2416 (rium
1611 2382 1693 2425 [bre
1711 2381 1908 2416 litterarum

282 2445 334 2475 ille
360 2443 393 2476 ἱη
423 2453 506 2480 ras„
541 2442 639 2487 quod
672 2443 787 2476 omillc'
817 2441 945 2476 suadet
973 2440 1140 2477 Fickerl:
1180 2446 1259 2475 aral
1293 2452 1370 2474 cnm
1407 2441 1603 2475 conicerem
1639 2442 1714 2482 quid
1749 2452 1826 2482 ergo
1861 2441 1911 2477 sit,

281 2504 408 2534 audite:
438 2503 579 2543 quisquis
607 2501 697 2537 conl.
726 2504 780 2541 25,
813 2504 825 2534 l
855 2502 931 2543 quid
959 2512 1036 2543 ergo
1063 2503 1102 2532 sil
1130 2529 1136 2535 .
1158 2529 1164 2535 .
1188 2528 1194 2535 .
1223 2501 1333 2532 audite
1469 2500 1504 2533 1Ῑῖ
1539 2501 1639 2541 querit
1769 2499 1801 2532 lsi
1840 2511 1910 2531 eum

281 2560 451 2606 illadqu:
483 2563 557 2592 dum
696 2561 730 2594 15
766 2562 965 2603 uoluptatem
992 2560 1123 2606 uulqo:
1150 2562 1331 2602 uoluptates
1469 2560 1502 2593 lli
1539 2560 1625 2601 cepit
1755 2559 1913 2600 preceptis

420 2620 459 2653 17
493 2622 549 2652 sed
578 2623 640 2652 iam
671 2623 744 2653 inde
773 2622 902 2655 Gertz:
932 2622 1029 2652 etiam
1057 2622 1130 2652 inde
1267 2621 1375 2652 dicam
1404 2618 1622 2654 deteriores:
1659 2619 1768 2650 dicunt

289 2682 325 2714 111
361 2681 489 2712 infamis
517 2679 735 2714 (lelcrt'0rc82
766 2681 872 2712 infans
1018 2680 1061 2712 20
1094 2681 1163 2721 quis
1190 2683 1293 2721 potest
1325 2678 1548 2713 Gronom'lls:
1586 2679 1639 2719 qui
1666 2681 1771 2719 polest

281 2740 325 2773 22
353 2744 477 2771 constat
505 2738 676 2783 Mmlqu:
707 2741 866 2771 constanti
989 2740 1123 2770 uirilitas
1153 2738 1378 2772 Gronom'us:
1410 2738 1526 2769 ueritas
1664 2737 1707 2770 {323
1742 2747 1825 2778 quae
1851 2739 1912 2767 slat

284 2801 469 2830 inuenerunt
496 2797 667 2843 flladm'q:
698 2811 780 2841 quae
806 2801 912 2830 statim
941 2802 1091 2830 uenerunt
1186 2839 1188 2841 Ι
1213 2799 1255 2831 2ίὶ
1283 2798 1447 2839 specimen
1479 2795 1616 2829 Haase:
1653 2796 1795 2837 speciem

282 2860 333 2900 qui
363 2857 488 2902 nul-qo:
518 2869 578 2899 ‘11¹9
701 2858 743 2891 22⁴
772 2860 971 2901 degenerans
998 2859 1099 2890 uirum
1127 2855 1297 2901 llladuigs:
1328 2857 1529 2897 degenerans
1556 2856 1603 2886 uir
1630 2854 1730 2899 (pasl
1755 2855 1802 2886 uir
1827 2863 1913 2892 ras„

1931 227 1950 259 ἵ)

1936 652 1950 685 1

1935 1005 1954 1025 ¹)

1935 1031 1954 1038 ,υ
