2008 3221
232 153 270 177 VI
722 148 948 175 PRAEFATIO
969 147 1167 174 IOHANNIS
1189 147 1376 173 VAHLENI.

231 258 358 287 cerins
388 251 521 287 menlis
553 255 622 285 aut
656 260 692 298 p.
719 247 783 291 effi,
810 246 861 285 28
897 244 1081 283 deletum
1113 251 1271 283 senalus
1302 257 1466 283 nomen.
1532 243 1653 296 Quae
1675 258 1756 297 ego
1779 259 1863 284 non

232 339 280 363 ea
322 332 462 363 mente
506 325 619 369 dico,
663 322 778 373 quasi
816 322 988 360 omnino
1022 320 1130 359 hanc
1162 320 1492 372 recognitionem
1527 320 1858 374 reprehendam:

230 402 361 440 immo
406 400 530 438 laudo
574 412 622 437 ac
664 398 809 437 lubens
841 396 1063 449 profiteor,
1107 397 1230 444 mihi,
1273 397 1304 436 si
1337 397 1435 448 quid
1467 398 1646 436 iudicare
1677 411 1863 450 possum,

231 478 304 516 etsi
350 490 426 515 nec
469 475 708 514 Fickertum
753 487 829 512 nec
861 473 1064 512 Haasium
1107 486 1182 511 sua
1224 473 1348 512 laude
1390 473 1682 512 defraudatum
1725 475 1862 521 velim,

230 553 336 592 hanc
368 558 508 591 textus
542 550 919 590 conformationem
953 549 1079 601 longe
1113 550 1324 601 utriusque
1357 550 1562 602 exemplis
1594 550 1724 589 videri
1746 564 1862 602 prae—

230 629 496 676 stabiliorem,
529 627 742 678 verbaque
765 625 951 666 Senecae
983 623 1133 679 partim
1165 626 1319 665 codicis
1340 626 1587 665 testimoniis
1609 626 1863 678 postliminio

230 705 423 744 restitutis
455 704 605 757 partim
639 704 883 742 coniecturis
916 703 1073 750 ascitis,
1106 709 1177 742 aut
1209 703 1469 754 superiorum
1504 703 1761 751 criticorum,
1794 709 1863 743 aut

230 795 359 833 nuper
390 781 576 827 inventis,
610 779 810 831 Madvigii
840 780 1024 832 plurimis
1058 785 1099 818 et
1122 779 1287 825 Gertzii,
1321 780 1491 832 Hauptii
1514 794 1694 832 quoque,
1726 780 1865 820 multis

230 859 355 897 etiam
395 872 418 897 a
450 857 616 896 Kochio
661 858 751 909 ipso
795 856 1067 908 excogitatis,
1112 855 1250 895 multis
1293 856 1480 908 partibus
1522 856 1657 908 probe
1700 870 1791 896 esse
1824 863 1865 896 et

230 935 398 986 egregie
430 934 727 973 administrata.
790 932 877 972 Sed
909 933 947 971 in
981 946 1136 985 genere
1168 933 1309 972 critico
1342 939 1386 971 ut
1419 932 1536 972 multi
1568 933 1694 973 hodie
1733 935 1863 973 maxi-

230 1024 380 1063 meque
413 1010 614 1062 ingeniosi
647 1010 838 1049 homines
871 1009 1162 1049 admirabilem
1196 1010 1409 1061 quandam
1442 1011 1480 1049 in
1515 1024 1558 1049 re
1581 1010 1738 1050 lubrica
1760 1011 1862 1050 fidu-

229 1090 335 1127 ciam
378 1088 463 1126 veri
505 1101 604 1139 prae
646 1100 692 1125 se
734 1086 888 1134 ferunt,
933 1087 989 1125 ita
1026 1086 1215 1126 Kochius
1260 1100 1429 1139 quoque
1471 1086 1635 1126 fervore
1676 1089 1863 1139 quodam

229 1165 351 1203 animi
395 1164 592 1216 abreptus
628 1156 719 1202 ⁴non
759 1177 852 1203 eam
885 1177 1053 1216 semper
1085 1177 1192 1216 quae
1225 1163 1405 1203 decebat
1438 1164 1689 1203 modestiam
1723 1178 1863 1203 emen-

229 1241 354 1280 dandi
399 1242 578 1279 servavit
622 1249 662 1279 et
695 1242 734 1279 in
767 1241 1037 1279 aestimandis
1071 1240 1317 1279 coniecturis
1351 1241 1432 1279 suis
1465 1247 1535 1280 aut
1567 1240 1707 1279 alienis
1731 1254 1866 1294 saepe

230 1318 431 1356 maiorem
465 1317 763 1356 confidentiam
797 1331 922 1369 quam
956 1317 1193 1356 cautionem
1226 1317 1432 1369 probavit.

347 1393 432 1433 Sed
466 1395 663 1446 quoniam
695 1395 735 1433 in
758 1395 848 1447 ipso
872 1407 1000 1446 opere
1024 1407 1164 1433 meum
1187 1393 1341 1446 ubique
1362 1394 1557 1433 iudicium
1581 1394 1864 1434 cohibendum

228 1477 340 1509 ratus
373 1484 483 1518 sum,
526 1484 634 1509 nunc
667 1471 886 1518 nonnulla,
930 1471 984 1510 de
1016 1470 1166 1522 quibus
1198 1470 1323 1522 paulo
1357 1471 1507 1510 certius
1538 1471 1707 1510 iudicari
1739 1485 1866 1524 posse

227 1553 297 1586 aut
319 1560 402 1586 non
425 1547 618 1586 inutiliter
640 1548 857 1586 admoneri
880 1547 1112 1593 videbatur,
1134 1559 1186 1584 ne
1208 1545 1330 1598 plane
1354 1542 1614 1596 ἀσύμβολος
1637 1547 1866 1595 discedam,

228 1623 472 1676 disceptabo
505 1623 685 1662 breviter
717 1628 883 1662 servato
918 1623 1181 1675 dialogorum
1215 1622 1372 1661 ordine.

346 1700 411 1738 De
443 1700 500 1738 ira
537 1703 569 1747 1,
607 1702 627 1738 7
663 1714 700 1751 p.
737 1700 803 1747 42,
845 1703 890 1738 17
926 1708 1115 1740 commota
1149 1702 1245 1740 enim
1278 1705 1396 1740 semel
1427 1708 1462 1739 el
1495 1713 1660 1739 excussa
1694 1714 1799 1740 mens
1821 1713 1865 1740 eo

220 1780 374 1827 pensis,
418 1790 491 1827 quo
525 1780 725 1827 inpellitur.
792 1777 854 1816 Ita
885 1777 1096 1830 Kocbius3
1138 1779 1213 1817 sed
1247 1777 1385 1816 codex
1417 1790 1522 1816 men<
1555 1781 1725 1825 eii-eruit,
1758 1783 1802 1816 ut
1834 1780 1867 1816 is

228 1855 266 1893 in
299 1853 419 1892 litura
451 1854 512 1892 sit.
577 1853 679 1893 Inde
711 1854 809 1892 nihil
842 1853 1106 1893 efficiendum
1131 1860 1229 1901 erat,
1264 1855 1524 1893 verissimum
1550 1855 1659 1893 enim
1684 1858 1717 1893 el?
1737 1858 1866 1902 servit,

227 1931 302 1969 sed
336 1944 359 1969 α
392 1930 635 1969 addendum
678 1931 731 1969 ad
776 1944 870 1980 qno,
911 1931 1026 1982 quod
1061 1930 1248 1970 Muretus
1274 1937 1504 1981 suaserat:
1548 1944 1654 1970 mens
1686 1934 1722 1970 ee?
1751 1935 1868 1971 servit

229 2020 253 2045 a„
296 2020 370 2056 quo
413 2010 627 2056 impellilw·.
691 2006 908 2047 Simillima
949 2008 1138 2046 oratione
1171 2006 1334 2046 Seneca
1375 2008 1414 2046 in
1447 2008 1597 2047 eodem
1631 2007 1735 2046 libro
1770 2010 1807 2055 3,
1841 2010 1863 2047 3

228 2098 266 2135 p.
302 2084 366 2130 57,
403 2084 447 2121 21
488 2097 625 2123 samem
659 2085 789 2136 inquit
822 2087 925 2123 lezmc
958 2087 1099 2134 aliquis
1131 2092 1259 2132 vocat,
1299 2087 1364 2134 que?
1395 2088 1494 2124 relus
1526 2091 1750 2134 tempestate
1780 2096 1866 2123 607·—

228 2167 358 2208 replns
401 2174 477 2199 nmc
521 2164 546 2199 it
587 2164 659 2199 secl
700 2164 833 2211 ayllur
876 2168 909 2200 el
947 2164 1098 2209 furenti
1138 2165 1240 2199 malo
1283 2164 1409 2199 smvz‘t.
1490 2160 1609 2200 Cons.
1652 2161 1705 2200 de
1748 2160 1865 2200 clem.

236 2240 266 2282 l,
307 2240 367 2283 1⁴),
403 2237 438 2275 2.

348 2313 414 2352 De
447 2314 504 2352 ira
538 2316 573 2362 2,
600 2314 623 2353 8
656 2328 695 2366 p.
721 2317 786 2362 (51,
820 2317 865 2352 lli
896 2317 1080 2363 ferarum
1115 2320 1184 2353 iste
1215 2323 1427 2354 convensus·
1461 2323 1525 2357 ess,
1559 2317 1631 2353 nisi
1654 2317 1760 2364 quod
1779 2317 1869 2353 illae

238 2396 324 2427 “mser
356 2402 397 2427 se
426 2393 613 2439 placidae
644 2398 735 2429 snm
752 2405 959 2440 morsuque
981 2395 1155 2430 .s·2'7721'liu77z
1179 2393 1379 2438 abstinent,
1413 2394 1452 2430 [η’
1472 2399 1602 2429 mutua
1628 2394 1868 2430 laceralione

229 2470 434 2504 satiamur.
478 2470 551 2505 lm(-
573 2480 647 2505 mm
673 2469 722 2505 ab
755 2469 987 2507 animalum
1014 2471 1125 2506 mutis
1147 2471 1342 2517 disl'ermel,
1379 2471 1486 2517 quad
1507 2471 1573 2506 illa
1596 2465 1869 2506 rnmzs'uescmzt

231 2545 429 2589 (demumr,
463 2546 598 2583 hot-nm
631 2546 762 2583 rabies
783 2548 886 2594 ipsos
909 2558 934 2583 a,
957 2546 1093 2595 quihus
1115 2552 1170 2583 es!
1191 2547 1338 2583 marita
1362 2547 1596 2593 clcqoascimr.
1660 2544 1869 2595 Vulgatur

230 2621 302 2657 hoc
334 2632 429 2665 mm,
462 2621 576 2670 quod
611 2619 798 2659 Kocliius
830 2622 971 2668 tenuit,
1005 2635 1087 2660 non
1121 2622 1207 2660 sine
1240 2620 1511 2660 dubitationis
1543 2620 1865 2673 significatione3

231 2708 307 2733 nec
339 2696 501 2734 videtur
533 2696 697 2735 defendi
731 2711 877 2750 posse3
921 2711 1054 2750 neque
1086 2711 1187 2737 vero
1220 2711 1244 2736 a
1268 2697 1436 2737 Gertzio
1470 2697 1590 2736 nobis
1629 2698 1869 2750 persuaderi

233 2771 460 2823 patiemur,
504 2772 608 2811 lianc
652 2774 944 2825 interpolatam
987 2788 1077 2813 esse
1110 2775 1382 2825 sententiam,
1423 2787 1549 2826 quae,
1593 2775 1724 2813 modo
1757 2781 1871 2813 recte

232 2848 510 2899 superioribus
554 2850 820 2897 adnectatur,
864 2851 960 2889 nibil
1003 2851 1132 2890 babet
1174 2852 1443 2890 incommodi.
1509 2851 1653 2903 ltaque
1696 2864 1789 2890 cum
1830 2851 1869 2889 in
