<?xml version="1.0" encoding="UTF-8"?>
<!DOCTYPE html PUBLIC "-//W3C//DTD XHTML 1.0 Transitional//EN"
    "http://www.w3.org/TR/xhtml1/DTD/xhtml1-transitional.dtd">
<html xmlns="http://www.w3.org/1999/xhtml" xml:lang="en" lang="en">
 <head>
  <title>
</title>
<meta http-equiv="Content-Type" content="text/html;charset=utf-8" />
  <meta name='ocr-system' content='tesseract 3.04.00' />
  <meta name='ocr-capabilities' content='ocr_page ocr_carea ocr_par ocr_line ocrx_word'/>
</head>
<body>
  <div class='ocr_page' id='page_1' title='image "./dialogorumlibrid00seneuoft_0206.png"; bbox 0 0 2008 3221; ppageno 0'>
   <div class='ocr_carea' id='block_1_1' title="bbox 248 115 1573 162">
    <p class='ocr_par' dir='ltr' id='par_1_1' title="bbox 248 115 1573 162">
     <span class='ocr_line' id='line_1_1' title="bbox 248 115 1573 162; baseline -0.002 -18"><span class='ocrx_word' id='word_1_1' title='bbox 248 124 326 162; x_wconf 63' lang='grc'><strong>168</strong></span> <span class='ocrx_word' id='word_1_2' title='bbox 540 118 642 145; x_wconf 83' lang='lat' dir='ltr'>DIAL.</span> <span class='ocrx_word' id='word_1_3' title='bbox 658 118 721 145; x_wconf 89' lang='lat' dir='ltr'><strong>VII.</strong></span> <span class='ocrx_word' id='word_1_4' title='bbox 759 117 814 142; x_wconf 82' lang='lat' dir='ltr'><strong>AD</strong></span> <span class='ocrx_word' id='word_1_5' title='bbox 837 115 1074 143; x_wconf 86' lang='lat' dir='ltr'>GALLIONEM</span> <span class='ocrx_word' id='word_1_6' title='bbox 1098 115 1149 141; x_wconf 85' lang='lat' dir='ltr'><strong>DE</strong></span> <span class='ocrx_word' id='word_1_7' title='bbox 1169 115 1264 141; x_wconf 83' lang='lat' dir='ltr'><strong>VITA</strong></span> <span class='ocrx_word' id='word_1_8' title='bbox 1284 115 1424 141; x_wconf 84' lang='lat' dir='ltr'><strong>BEATA.</strong></span> <span class='ocrx_word' id='word_1_9' title='bbox 1466 116 1508 142; x_wconf 77' lang='lat'><strong>14.</strong></span> <span class='ocrx_word' id='word_1_10' title='bbox 1532 116 1573 142; x_wconf 83' lang='lat'><strong>15.</strong></span> 
     </span>
    </p>
   </div>
   <div class='ocr_carea' id='block_1_2' title="bbox 194 215 1935 2255">
    <p class='ocr_par' dir='ltr' id='par_1_2' title="bbox 208 215 1874 621">
     <span class='ocr_line' id='line_1_2' title="bbox 242 215 699 269; baseline -0.007 -13"><span class='ocrx_word' id='word_1_11' title='bbox 242 231 398 269; x_wconf 89' lang='lat' dir='ltr'><strong>magno</strong></span> <span class='ocrx_word' id='word_1_12' title='bbox 431 215 624 255; x_wconf 90' lang='lat' dir='ltr'><strong>aestimat</strong></span> <span class='ocrx_word' id='word_1_13' title='bbox 657 220 699 253; x_wconf 89' lang='lat' dir='ltr'><strong>et</strong></span> 
     </span>
     <span class='ocr_line' id='line_1_3' title="bbox 699 285 1406 331; baseline -0.006 -7"><span class='ocrx_word' id='word_1_14' title='bbox 699 288 794 324; x_wconf 73' lang='lat' dir='ltr'><strong>latos</strong></span> <span class='ocrx_word' id='word_1_15' title='bbox 827 287 982 323; x_wconf 75' lang='lat' dir='ltr'><strong>canibus</strong></span> <span class='ocrx_word' id='word_1_16' title='bbox 1014 286 1248 322; x_wconf 64' lang='lat' dir='ltr'><strong>cim-lamiam</strong></span> <span class='ocrx_word' id='word_1_17' title='bbox 1277 285 1406 331; x_wconf 70' lang='lat' dir='ltr'><strong>saltas,</strong></span> 
     </span>
     <span class='ocr_line' id='line_1_4' title="bbox 243 353 1872 409; baseline -0.002 -12"><span class='ocrx_word' id='word_1_18' title='bbox 243 366 286 398; x_wconf 88' lang='lat' dir='ltr'><strong>ut</strong></span> <span class='ocrx_word' id='word_1_19' title='bbox 328 358 485 397; x_wconf 85' lang='lat' dir='ltr'><strong>illarum</strong></span> <span class='ocrx_word' id='word_1_20' title='bbox 528 357 703 409; x_wconf 87' lang='lat' dir='ltr'><strong>uestigia</strong></span> <span class='ocrx_word' id='word_1_21' title='bbox 744 362 927 408; x_wconf 83' lang='lat' dir='ltr'><strong>premat,</strong></span> <span class='ocrx_word' id='word_1_22' title='bbox 970 357 1137 408; x_wconf 88' lang='lat' dir='ltr'><strong>potiora</strong></span> <span class='ocrx_word' id='word_1_23' title='bbox 1178 353 1330 394; x_wconf 90' lang='lat' dir='ltr'><strong>deserit</strong></span> <span class='ocrx_word' id='word_1_24' title='bbox 1372 354 1595 407; x_wconf 89' lang='lat' dir='ltr'><strong>multisque</strong></span> <span class='ocrx_word' id='word_1_25' title='bbox 1633 354 1777 394; x_wconf 87' lang='lat' dir='ltr'><strong>officiis</strong></span> <span class='ocrx_word' id='word_1_26' title='bbox 1811 368 1872 394; x_wconf 90' lang='lat' dir='ltr'><strong>re-</strong></span> 
     </span>
     <span class='ocr_line' id='line_1_5' title="bbox 243 426 1871 479; baseline -0.002 -10"><span class='ocrx_word' id='word_1_27' title='bbox 243 431 424 469; x_wconf 78' lang='lat' dir='ltr'>nuntiat:</span> <span class='ocrx_word' id='word_1_28' title='bbox 470 428 527 468; x_wconf 89' lang='lat' dir='ltr'><strong>ita</strong></span> <span class='ocrx_word' id='word_1_29' title='bbox 558 429 627 479; x_wconf 93' lang='lat' dir='ltr'><strong>qui</strong></span> <span class='ocrx_word' id='word_1_30' title='bbox 658 433 841 467; x_wconf 89' lang='lat' dir='ltr'><strong>sectatur</strong></span> <span class='ocrx_word' id='word_1_31' title='bbox 873 427 1157 479; x_wconf 88' lang='lat' dir='ltr'><strong>uoluptatem,</strong></span> <span class='ocrx_word' id='word_1_32' title='bbox 1200 426 1341 465; x_wconf 81' lang='lat' dir='ltr'><strong>omnia</strong></span> <span class='ocrx_word' id='word_1_33' title='bbox 1372 426 1590 478; x_wconf 82' lang='lat' dir='ltr'>postponit</span> <span class='ocrx_word' id='word_1_34' title='bbox 1621 431 1664 464; x_wconf 94' lang='lat' dir='ltr'><strong>et</strong></span> <span class='ocrx_word' id='word_1_35' title='bbox 1694 426 1871 478; x_wconf 83' lang='lat' dir='ltr'>primam</span> 
     </span>
     <span class='ocr_line' id='line_1_6' title="bbox 208 495 1874 551; baseline -0.003 -11"><span class='ocrx_word' id='word_1_36' title='bbox 208 511 222 534; x_wconf 82' lang='lat'>5</span> <span class='ocrx_word' id='word_1_37' title='bbox 242 501 479 540; x_wconf 90' lang='lat' dir='ltr'><strong>libertatem</strong></span> <span class='ocrx_word' id='word_1_38' title='bbox 521 498 706 551; x_wconf 81' lang='lat' dir='ltr'><strong>neglegit</strong></span> <span class='ocrx_word' id='word_1_39' title='bbox 748 511 797 538; x_wconf 90' lang='lat' dir='ltr'><strong>ac</strong></span> <span class='ocrx_word' id='word_1_40' title='bbox 837 512 914 551; x_wconf 88' lang='lat' dir='ltr'><strong>pro</strong></span> <span class='ocrx_word' id='word_1_41' title='bbox 958 504 1105 537; x_wconf 88' lang='lat' dir='ltr'><strong>uentre</strong></span> <span class='ocrx_word' id='word_1_42' title='bbox 1146 496 1367 550; x_wconf 83' lang='lat' dir='ltr'><strong>dependit,</strong></span> <span class='ocrx_word' id='word_1_43' title='bbox 1410 510 1487 535; x_wconf 90' lang='lat' dir='ltr'><strong>nec</strong></span> <span class='ocrx_word' id='word_1_44' title='bbox 1529 495 1767 550; x_wconf 84' lang='lat' dir='ltr'><strong>uoluptates</strong></span> <span class='ocrx_word' id='word_1_45' title='bbox 1798 496 1874 536; x_wconf 85' lang='lat' dir='ltr'>sibi</span> 
     </span>
     <span class='ocr_line' id='line_1_7' title="bbox 243 568 1045 621; baseline -0.004 -9"><span class='ocrx_word' id='word_1_46' title='bbox 243 574 354 620; x_wconf 89' lang='lat' dir='ltr'><strong>emit,</strong></span> <span class='ocrx_word' id='word_1_47' title='bbox 386 571 462 610; x_wconf 94' lang='lat' dir='ltr'><strong>sed</strong></span> <span class='ocrx_word' id='word_1_48' title='bbox 494 584 539 610; x_wconf 93' lang='lat' dir='ltr'><strong>se</strong></span> <span class='ocrx_word' id='word_1_49' title='bbox 571 569 855 621; x_wconf 89' lang='lat' dir='ltr'><strong>uoluptatibus</strong></span> <span class='ocrx_word' id='word_1_50' title='bbox 888 568 1045 609; x_wconf 88' lang='lat' dir='ltr'><strong>uendit.</strong></span> 
     </span>
    </p>

    <p class='ocr_par' dir='ltr' id='par_1_3' title="bbox 244 639 1920 834">
     <span class='ocr_line' id='line_1_8' title="bbox 361 639 1920 696; baseline -0.001 -14"><span class='ocrx_word' id='word_1_51' title='bbox 361 642 456 682; x_wconf 76' lang='lat' dir='ltr'><strong>XV.</strong></span> <span class='ocrx_word' id='word_1_52' title='bbox 520 640 634 694; x_wconf 75' lang='lat' dir='ltr'><strong>Quid</strong></span> <span class='ocrx_word' id='word_1_53' title='bbox 676 648 844 688; x_wconf 89' lang='lat' dir='ltr'><strong>tamen,</strong></span> <span class='ocrx_word' id='word_1_54' title='bbox 885 641 1014 692; x_wconf 90' lang='lat' dir='ltr'><strong>inquit</strong></span> <span class='ocrx_word' id='word_1_55' title='bbox 1027 672 1035 696; x_wconf 66' lang='lat'><strong>,</strong></span> <span class='ocrx_word' id='word_1_56' title='bbox 1077 639 1273 692; x_wconf 83' lang='lat' dir='ltr'><strong>prohibet</strong></span> <span class='ocrx_word' id='word_1_57' title='bbox 1316 639 1356 678; x_wconf 92' lang='lat' dir='ltr'><strong>in</strong></span> <span class='ocrx_word' id='word_1_58' title='bbox 1400 652 1540 677; x_wconf 86' lang='lat' dir='ltr'><strong>unum.</strong></span> <span class='ocrx_word' id='word_1_59' title='bbox 1570 641 1766 678; x_wconf 90' lang='lat' dir='ltr'><strong>uirtutem</strong></span> <span class='ocrx_word' id='word_1_60' title='bbox 1799 653 1872 678; x_wconf 91' lang='lat' dir='ltr'><strong>uo-</strong></span> <span class='ocrx_word' id='word_1_61' title='bbox 1905 648 1920 681; x_wconf 85' lang='lat' dir='ltr'><strong>t</strong></span> 
     </span>
     <span class='ocr_line' id='line_1_9' title="bbox 244 709 1878 766; baseline -0.003 -13"><span class='ocrx_word' id='word_1_62' title='bbox 244 714 531 766; x_wconf 89' lang='lat' dir='ltr'><strong>luptatemque</strong></span> <span class='ocrx_word' id='word_1_63' title='bbox 573 711 766 752; x_wconf 88' lang='lat' dir='ltr'><strong>confundi</strong></span> <span class='ocrx_word' id='word_1_64' title='bbox 809 717 851 750; x_wconf 91' lang='lat' dir='ltr'><strong>et</strong></span> <span class='ocrx_word' id='word_1_65' title='bbox 892 713 948 751; x_wconf 86' lang='lat' dir='ltr'><strong>ita</strong></span> <span class='ocrx_word' id='word_1_66' title='bbox 990 710 1095 750; x_wconf 85' lang='lat' dir='ltr'><strong>effici</strong></span> <span class='ocrx_word' id='word_1_67' title='bbox 1136 722 1347 749; x_wconf 90' lang='lat' dir='ltr'><strong>summum</strong></span> <span class='ocrx_word' id='word_1_68' title='bbox 1379 709 1561 757; x_wconf 91' lang='lat' dir='ltr'><strong>bonum,</strong></span> <span class='ocrx_word' id='word_1_69' title='bbox 1604 716 1649 749; x_wconf 92' lang='lat' dir='ltr'><strong>ut</strong></span> <span class='ocrx_word' id='word_1_70' title='bbox 1690 709 1803 749; x_wconf 90' lang='lat' dir='ltr'><strong>idem</strong></span> <span class='ocrx_word' id='word_1_71' title='bbox 1836 715 1878 749; x_wconf 94' lang='lat' dir='ltr'><strong>et</strong></span> 
     </span>
     <span class='ocr_line' id='line_1_10' title="bbox 244 781 1878 834; baseline -0.003 -9"><span class='ocrx_word' id='word_1_72' title='bbox 244 787 467 825; x_wconf 87' lang='lat' dir='ltr'><strong>honestum</strong></span> <span class='ocrx_word' id='word_1_73' title='bbox 511 789 553 823; x_wconf 88' lang='lat' dir='ltr'><strong>et</strong></span> <span class='ocrx_word' id='word_1_74' title='bbox 595 784 819 822; x_wconf 91' lang='lat' dir='ltr'><strong>iucundum</strong></span> <span class='ocrx_word' id='word_1_75' title='bbox 863 784 942 822; x_wconf 87' lang='lat' dir='ltr'><strong>sit?</strong></span> <span class='ocrx_word' id='word_1_76' title='bbox 1005 783 1101 834; x_wconf 90' lang='lat' dir='ltr'><strong>quia</strong></span> <span class='ocrx_word' id='word_1_77' title='bbox 1139 794 1236 834; x_wconf 85' lang='lat' dir='ltr'><strong>pars</strong></span> <span class='ocrx_word' id='word_1_78' title='bbox 1278 781 1443 820; x_wconf 81' lang='lat' dir='ltr'><strong>honesti</strong></span> <span class='ocrx_word' id='word_1_79' title='bbox 1486 794 1571 820; x_wconf 92' lang='lat' dir='ltr'><strong>non</strong></span> <span class='ocrx_word' id='word_1_80' title='bbox 1611 786 1756 833; x_wconf 91' lang='lat' dir='ltr'><strong>potest</strong></span> <span class='ocrx_word' id='word_1_81' title='bbox 1787 793 1878 820; x_wconf 92' lang='lat' dir='ltr'><strong>esse</strong></span> 
     </span>
    </p>

    <p class='ocr_par' dir='ltr' id='par_1_4' title="bbox 194 851 1925 1189">
     <span class='ocr_line' id='line_1_11' title="bbox 194 851 1878 903; baseline -0.003 -8"><span class='ocrx_word' id='word_1_82' title='bbox 194 864 224 888; x_wconf 88' lang='lat'><strong>10</strong></span> <span class='ocrx_word' id='word_1_83' title='bbox 244 857 318 895; x_wconf 91' lang='lat' dir='ltr'><strong>nisi</strong></span> <span class='ocrx_word' id='word_1_84' title='bbox 359 855 605 903; x_wconf 86' lang='lat' dir='ltr'><strong>honestum,</strong></span> <span class='ocrx_word' id='word_1_85' title='bbox 648 867 725 893; x_wconf 90' lang='lat' dir='ltr'><strong>nec</strong></span> <span class='ocrx_word' id='word_1_86' title='bbox 767 867 977 893; x_wconf 87' lang='lat' dir='ltr'><strong>summum</strong></span> <span class='ocrx_word' id='word_1_87' title='bbox 1020 853 1179 893; x_wconf 92' lang='lat' dir='ltr'><strong>bonum</strong></span> <span class='ocrx_word' id='word_1_88' title='bbox 1222 851 1396 892; x_wconf 82' lang='lat' dir='ltr'><strong>habebit</strong></span> <span class='ocrx_word' id='word_1_89' title='bbox 1437 853 1714 891; x_wconf 80' lang='lat' dir='ltr'><strong>sinceritatem</strong></span> <span class='ocrx_word' id='word_1_90' title='bbox 1747 864 1878 898; x_wconf 80' lang='lat' dir='ltr'><strong>suam,</strong></span> 
     </span>
     <span class='ocr_line' id='line_1_12' title="bbox 243 923 1925 978; baseline -0.001 -12"><span class='ocrx_word' id='word_1_91' title='bbox 243 928 275 966; x_wconf 79' lang='lat' dir='ltr'><strong>si</strong></span> <span class='ocrx_word' id='word_1_92' title='bbox 308 926 460 978; x_wconf 90' lang='lat' dir='ltr'><strong>aliquid</strong></span> <span class='ocrx_word' id='word_1_93' title='bbox 493 927 532 965; x_wconf 89' lang='lat' dir='ltr'><strong>in</strong></span> <span class='ocrx_word' id='word_1_94' title='bbox 565 939 609 965; x_wconf 93' lang='lat' dir='ltr'><strong>se</strong></span> <span class='ocrx_word' id='word_1_95' title='bbox 641 925 787 965; x_wconf 89' lang='lat' dir='ltr'><strong>uiderit</strong></span> <span class='ocrx_word' id='word_1_96' title='bbox 821 924 1017 964; x_wconf 80' lang='lat' dir='ltr'><strong>dissimile</strong></span> <span class='ocrx_word' id='word_1_97' title='bbox 1050 923 1221 963; x_wconf 88' lang='lat' dir='ltr'><strong>meliori.</strong></span> <span class='ocrx_word' id='word_1_98' title='bbox 1264 937 1316 963; x_wconf 93' lang='lat' dir='ltr'><strong>ne</strong></span> <span class='ocrx_word' id='word_1_99' title='bbox 1349 923 1545 975; x_wconf 86' lang='lat' dir='ltr'><strong>gaudium</strong></span> <span class='ocrx_word' id='word_1_100' title='bbox 1569 923 1740 975; x_wconf 90' lang='lat' dir='ltr'><strong>quidem</strong></span> <span class='ocrx_word' id='word_1_101' title='bbox 1761 923 1877 975; x_wconf 90' lang='lat' dir='ltr'><strong>quod</strong></span> <span class='ocrx_word' id='word_1_102' title='bbox 1904 930 1925 964; x_wconf 75' lang='lat'><strong>2</strong></span> 
     </span>
     <span class='ocr_line' id='line_1_13' title="bbox 245 993 1879 1049; baseline -0.002 -12"><span class='ocrx_word' id='word_1_103' title='bbox 245 1011 299 1037; x_wconf 80' lang='lat' dir='ltr'><strong>ex</strong></span> <span class='ocrx_word' id='word_1_104' title='bbox 342 997 492 1037; x_wconf 90' lang='lat' dir='ltr'><strong>uirtute</strong></span> <span class='ocrx_word' id='word_1_105' title='bbox 535 998 683 1044; x_wconf 85' lang='lat' dir='ltr'><strong>oritur,</strong></span> <span class='ocrx_word' id='word_1_106' title='bbox 729 997 920 1049; x_wconf 87' lang='lat' dir='ltr'><strong>quamuis</strong></span> <span class='ocrx_word' id='word_1_107' title='bbox 953 995 1113 1035; x_wconf 91' lang='lat' dir='ltr'><strong>bonum</strong></span> <span class='ocrx_word' id='word_1_108' title='bbox 1147 996 1219 1043; x_wconf 79' lang='lat' dir='ltr'><strong>sit,</strong></span> <span class='ocrx_word' id='word_1_109' title='bbox 1262 994 1442 1034; x_wconf 87' lang='lat' dir='ltr'><strong>absoluti</strong></span> <span class='ocrx_word' id='word_1_110' title='bbox 1475 1000 1619 1034; x_wconf 89' lang='lat' dir='ltr'><strong>tamen</strong></span> <span class='ocrx_word' id='word_1_111' title='bbox 1649 993 1750 1033; x_wconf 90' lang='lat' dir='ltr'><strong>boni</strong></span> <span class='ocrx_word' id='word_1_112' title='bbox 1783 1007 1879 1046; x_wconf 88' lang='lat' dir='ltr'><strong>pars</strong></span> 
     </span>
     <span class='ocr_line' id='line_1_14' title="bbox 245 1064 1877 1121; baseline -0.003 -12"><span class='ocrx_word' id='word_1_113' title='bbox 245 1075 318 1117; x_wconf 87' lang='lat' dir='ltr'><strong>est,</strong></span> <span class='ocrx_word' id='word_1_114' title='bbox 351 1083 436 1108; x_wconf 93' lang='lat' dir='ltr'><strong>non</strong></span> <span class='ocrx_word' id='word_1_115' title='bbox 469 1069 602 1121; x_wconf 89' lang='lat' dir='ltr'><strong>magis</strong></span> <span class='ocrx_word' id='word_1_116' title='bbox 634 1082 760 1120; x_wconf 89' lang='lat' dir='ltr'><strong>quam</strong></span> <span class='ocrx_word' id='word_1_117' title='bbox 794 1067 948 1107; x_wconf 86' lang='lat' dir='ltr'><strong>laetitia</strong></span> <span class='ocrx_word' id='word_1_118' title='bbox 980 1071 1022 1106; x_wconf 89' lang='lat' dir='ltr'><strong>et</strong></span> <span class='ocrx_word' id='word_1_119' title='bbox 1053 1065 1346 1118; x_wconf 87' lang='lat' dir='ltr'><strong>tranquillitas,</strong></span> <span class='ocrx_word' id='word_1_120' title='bbox 1379 1066 1569 1118; x_wconf 90' lang='lat' dir='ltr'><strong>quamuis</strong></span> <span class='ocrx_word' id='word_1_121' title='bbox 1602 1079 1656 1104; x_wconf 84' lang='lat' dir='ltr'><strong>ex</strong></span> <span class='ocrx_word' id='word_1_122' title='bbox 1689 1064 1877 1117; x_wconf 88' lang='lat' dir='ltr'><strong>pulcher-</strong></span> 
     </span>
     <span class='ocr_line' id='line_1_15' title="bbox 244 1136 1881 1189; baseline -0.002 -11"><span class='ocrx_word' id='word_1_123' title='bbox 244 1139 355 1179; x_wconf 88' lang='lat' dir='ltr'><strong>rimis</strong></span> <span class='ocrx_word' id='word_1_124' title='bbox 398 1139 529 1179; x_wconf 89' lang='lat' dir='ltr'><strong>causis</strong></span> <span class='ocrx_word' id='word_1_125' title='bbox 572 1145 803 1178; x_wconf 87' lang='lat' dir='ltr'><strong>nascantur.</strong></span> <span class='ocrx_word' id='word_1_126' title='bbox 866 1144 961 1177; x_wconf 91' lang='lat' dir='ltr'><strong>sunt</strong></span> <span class='ocrx_word' id='word_1_127' title='bbox 1011 1137 1120 1177; x_wconf 92' lang='lat' dir='ltr'><strong>enim</strong></span> <span class='ocrx_word' id='word_1_128' title='bbox 1163 1138 1241 1176; x_wconf 88' lang='lat' dir='ltr'><strong>ista</strong></span> <span class='ocrx_word' id='word_1_129' title='bbox 1283 1137 1416 1184; x_wconf 85' lang='lat' dir='ltr'><strong>bona,</strong></span> <span class='ocrx_word' id='word_1_130' title='bbox 1466 1137 1541 1176; x_wconf 92' lang='lat' dir='ltr'><strong>sed</strong></span> <span class='ocrx_word' id='word_1_131' title='bbox 1584 1136 1881 1189; x_wconf 82' lang='lat' dir='ltr'><strong>consequentia</strong></span> 
     </span>
    </p>

    <p class='ocr_par' dir='ltr' id='par_1_5' title="bbox 196 1207 1927 1547">
     <span class='ocr_line' id='line_1_16' title="bbox 196 1207 1927 1260; baseline -0.001 -10"><span class='ocrx_word' id='word_1_132' title='bbox 196 1219 225 1244; x_wconf 82' lang='lat'><strong>¹5</strong></span> <span class='ocrx_word' id='word_1_133' title='bbox 245 1224 457 1251; x_wconf 89' lang='lat' dir='ltr'><strong>summum</strong></span> <span class='ocrx_word' id='word_1_134' title='bbox 489 1211 660 1258; x_wconf 89' lang='lat' dir='ltr'><strong>bonum,</strong></span> <span class='ocrx_word' id='word_1_135' title='bbox 694 1223 777 1249; x_wconf 89' lang='lat' dir='ltr'><strong>non</strong></span> <span class='ocrx_word' id='word_1_136' title='bbox 811 1209 1157 1248; x_wconf 80' lang='lat' dir='ltr'><strong>consummantia.</strong></span> <span class='ocrx_word' id='word_1_137' title='bbox 1209 1208 1277 1260; x_wconf 90' lang='lat' dir='ltr'><strong>qui</strong></span> <span class='ocrx_word' id='word_1_138' title='bbox 1309 1221 1410 1247; x_wconf 89' lang='lat' dir='ltr'><strong>uero</strong></span> <span class='ocrx_word' id='word_1_139' title='bbox 1443 1207 1603 1247; x_wconf 90' lang='lat' dir='ltr'><strong>uirtutis</strong></span> <span class='ocrx_word' id='word_1_140' title='bbox 1636 1207 1879 1260; x_wconf 87' lang='lat' dir='ltr'><strong>uoluptatis·</strong></span> <span class='ocrx_word' id='word_1_141' title='bbox 1908 1215 1927 1248; x_wconf 63' lang='lat'><strong>:5</strong></span> 
     </span>
     <span class='ocr_line' id='line_1_17' title="bbox 246 1278 1882 1335; baseline -0.003 -13"><span class='ocrx_word' id='word_1_142' title='bbox 246 1296 327 1335; x_wconf 89' lang='lat' dir='ltr'><strong>que</strong></span> <span class='ocrx_word' id='word_1_143' title='bbox 369 1282 616 1322; x_wconf 89' lang='lat' dir='ltr'><strong>societatem</strong></span> <span class='ocrx_word' id='word_1_144' title='bbox 659 1280 754 1320; x_wconf 89' lang='lat' dir='ltr'><strong>facit</strong></span> <span class='ocrx_word' id='word_1_145' title='bbox 798 1286 839 1319; x_wconf 90' lang='lat' dir='ltr'><strong>et</strong></span> <span class='ocrx_word' id='word_1_146' title='bbox 880 1293 933 1319; x_wconf 93' lang='lat' dir='ltr'><strong>ne</strong></span> <span class='ocrx_word' id='word_1_147' title='bbox 973 1293 1027 1319; x_wconf 83' lang='lat' dir='ltr'><strong>ex</strong></span> <span class='ocrx_word' id='word_1_148' title='bbox 1060 1292 1195 1332; x_wconf 90' lang='lat' dir='ltr'><strong>aequo</strong></span> <span class='ocrx_word' id='word_1_149' title='bbox 1228 1279 1420 1331; x_wconf 86' lang='lat' dir='ltr'><strong>quidem,</strong></span> <span class='ocrx_word' id='word_1_150' title='bbox 1463 1278 1684 1331; x_wconf 88' lang='lat' dir='ltr'><strong>fragilitate</strong></span> <span class='ocrx_word' id='word_1_151' title='bbox 1716 1278 1882 1318; x_wconf 91' lang='lat' dir='ltr'><strong>alterius</strong></span> 
     </span>
     <span class='ocr_line' id='line_1_18' title="bbox 246 1348 1881 1405; baseline -0.003 -12"><span class='ocrx_word' id='word_1_152' title='bbox 246 1353 347 1393; x_wconf 91' lang='lat' dir='ltr'><strong>boni</strong></span> <span class='ocrx_word' id='word_1_153' title='bbox 389 1353 591 1405; x_wconf 89' lang='lat' dir='ltr'><strong>quidquid</strong></span> <span class='ocrx_word' id='word_1_154' title='bbox 634 1352 673 1390; x_wconf 92' lang='lat' dir='ltr'><strong>in</strong></span> <span class='ocrx_word' id='word_1_155' title='bbox 715 1351 847 1390; x_wconf 89' lang='lat' dir='ltr'><strong>altero</strong></span> <span class='ocrx_word' id='word_1_156' title='bbox 892 1351 1046 1403; x_wconf 85' lang='lat' dir='ltr'><strong>uigoris</strong></span> <span class='ocrx_word' id='word_1_157' title='bbox 1089 1356 1151 1389; x_wconf 91' lang='lat' dir='ltr'><strong>est</strong></span> <span class='ocrx_word' id='word_1_158' title='bbox 1192 1350 1365 1389; x_wconf 89' lang='lat' dir='ltr'><strong>hebetat</strong></span> <span class='ocrx_word' id='word_1_159' title='bbox 1407 1349 1727 1401; x_wconf 86' lang='lat' dir='ltr'><strong>libertatemque</strong></span> <span class='ocrx_word' id='word_1_160' title='bbox 1759 1348 1881 1397; x_wconf 87' lang='lat' dir='ltr'><strong>illam,</strong></span> 
     </span>
     <span class='ocr_line' id='line_1_19' title="bbox 247 1420 1883 1474; baseline -0.003 -10"><span class='ocrx_word' id='word_1_161' title='bbox 247 1426 303 1464; x_wconf 90' lang='lat' dir='ltr'><strong>ita</strong></span> <span class='ocrx_word' id='word_1_162' title='bbox 336 1425 520 1472; x_wconf 90' lang='lat' dir='ltr'><strong>demum,</strong></span> <span class='ocrx_word' id='word_1_163' title='bbox 552 1424 583 1463; x_wconf 91' lang='lat' dir='ltr'><strong>si</strong></span> <span class='ocrx_word' id='word_1_164' title='bbox 617 1422 714 1462; x_wconf 91' lang='lat' dir='ltr'><strong>nihil</strong></span> <span class='ocrx_word' id='word_1_165' title='bbox 746 1436 791 1462; x_wconf 92' lang='lat' dir='ltr'><strong>se</strong></span> <span class='ocrx_word' id='word_1_166' title='bbox 823 1422 1044 1474; x_wconf 85' lang='lat' dir='ltr'><strong>pretiosius</strong></span> <span class='ocrx_word' id='word_1_167' title='bbox 1073 1421 1199 1469; x_wconf 86' lang='lat' dir='ltr'><strong>nouit,</strong></span> <span class='ocrx_word' id='word_1_168' title='bbox 1232 1421 1440 1468; x_wconf 87' lang='lat' dir='ltr'><strong>inuictam,</strong></span> <span class='ocrx_word' id='word_1_169' title='bbox 1473 1420 1551 1460; x_wconf 93' lang='lat' dir='ltr'><strong>sub</strong></span> <span class='ocrx_word' id='word_1_170' title='bbox 1581 1421 1722 1472; x_wconf 89' lang='lat' dir='ltr'><strong>iugum</strong></span> <span class='ocrx_word' id='word_1_171' title='bbox 1746 1420 1883 1459; x_wconf 89' lang='lat' dir='ltr'><strong>mittit.</strong></span> 
     </span>
     <span class='ocr_line' id='line_1_20' title="bbox 248 1491 1882 1547; baseline -0.003 -12"><span class='ocrx_word' id='word_1_172' title='bbox 248 1509 367 1544; x_wconf 89' lang='lat' dir='ltr'><strong>nam,</strong></span> <span class='ocrx_word' id='word_1_173' title='bbox 420 1508 528 1547; x_wconf 91' lang='lat' dir='ltr'><strong>quae</strong></span> <span class='ocrx_word' id='word_1_174' title='bbox 570 1494 756 1533; x_wconf 80' lang='lat' dir='ltr'><strong>maxima</strong></span> <span class='ocrx_word' id='word_1_175' title='bbox 799 1494 976 1532; x_wconf 92' lang='lat' dir='ltr'><strong>seruitus</strong></span> <span class='ocrx_word' id='word_1_176' title='bbox 1019 1498 1103 1540; x_wconf 82' lang='lat' dir='ltr'><strong>est,</strong></span> <span class='ocrx_word' id='word_1_177' title='bbox 1148 1492 1287 1544; x_wconf 88' lang='lat' dir='ltr'><strong>incipit</strong></span> <span class='ocrx_word' id='word_1_178' title='bbox 1328 1491 1381 1530; x_wconf 93' lang='lat' dir='ltr'><strong>illi</strong></span> <span class='ocrx_word' id='word_1_179' title='bbox 1425 1504 1530 1544; x_wconf 86' lang='lat' dir='ltr'><strong>opus</strong></span> <span class='ocrx_word' id='word_1_180' title='bbox 1573 1505 1665 1530; x_wconf 94' lang='lat' dir='ltr'><strong>esse</strong></span> <span class='ocrx_word' id='word_1_181' title='bbox 1707 1491 1882 1531; x_wconf 88' lang='lat' dir='ltr'><strong>fortuna.</strong></span> 
     </span>
    </p>

    <p class='ocr_par' dir='ltr' id='par_1_6' title="bbox 194 1563 1929 1901">
     <span class='ocr_line' id='line_1_21' title="bbox 194 1563 1885 1619; baseline -0.003 -12"><span class='ocrx_word' id='word_1_182' title='bbox 194 1574 227 1601; x_wconf 77' lang='lat'><strong>20</strong></span> <span class='ocrx_word' id='word_1_183' title='bbox 248 1567 431 1619; x_wconf 86' lang='lat' dir='ltr'><strong>sequitur</strong></span> <span class='ocrx_word' id='word_1_184' title='bbox 463 1567 548 1606; x_wconf 92' lang='lat' dir='ltr'><strong>uita</strong></span> <span class='ocrx_word' id='word_1_185' title='bbox 580 1566 724 1613; x_wconf 81' lang='lat' dir='ltr'><strong>anxia,</strong></span> <span class='ocrx_word' id='word_1_186' title='bbox 767 1564 1014 1617; x_wconf 87' lang='lat' dir='ltr'><strong>suspiciosa,</strong></span> <span class='ocrx_word' id='word_1_187' title='bbox 1047 1563 1221 1616; x_wconf 78' lang='lat' dir='ltr'><strong>trepida,</strong></span> <span class='ocrx_word' id='word_1_188' title='bbox 1256 1576 1397 1602; x_wconf 90' lang='lat' dir='ltr'><strong>casum</strong></span> <span class='ocrx_word' id='word_1_189' title='bbox 1429 1576 1605 1615; x_wconf 88' lang='lat' dir='ltr'><strong>pauens,</strong></span> <span class='ocrx_word' id='word_1_190' title='bbox 1646 1568 1885 1615; x_wconf 87' lang='lat' dir='ltr'><strong>temporum</strong></span> 
     </span>
     <span class='ocr_line' id='line_1_22' title="bbox 250 1633 1929 1692; baseline -0.002 -14"><span class='ocrx_word' id='word_1_191' title='bbox 250 1651 452 1692; x_wconf 88' lang='lat' dir='ltr'><strong>suspensa</strong></span> <span class='ocrx_word' id='word_1_192' title='bbox 484 1637 722 1681; x_wconf 87' lang='lat' dir='ltr'><strong>momentis.</strong></span> <span class='ocrx_word' id='word_1_193' title='bbox 766 1649 851 1674; x_wconf 89' lang='lat' dir='ltr'><strong>non</strong></span> <span class='ocrx_word' id='word_1_194' title='bbox 883 1636 958 1675; x_wconf 89' lang='lat' dir='ltr'><strong>das</strong></span> <span class='ocrx_word' id='word_1_195' title='bbox 990 1635 1130 1674; x_wconf 86' lang='lat' dir='ltr'><strong>uirtuti</strong></span> <span class='ocrx_word' id='word_1_196' title='bbox 1162 1633 1480 1674; x_wconf 88' lang='lat' dir='ltr'><strong>fundamentum</strong></span> <span class='ocrx_word' id='word_1_197' title='bbox 1503 1646 1643 1685; x_wconf 87' lang='lat' dir='ltr'><strong>graue,</strong></span> <span class='ocrx_word' id='word_1_198' title='bbox 1676 1633 1885 1681; x_wconf 87' lang='lat' dir='ltr'><strong>inmobile,</strong></span> <span class='ocrx_word' id='word_1_199' title='bbox 1922 1642 1929 1675; x_wconf 78' lang='lat' dir='ltr'>i</span> 
     </span>
     <span class='ocr_line' id='line_1_23' title="bbox 249 1704 1886 1758; baseline -0.003 -10"><span class='ocrx_word' id='word_1_200' title='bbox 249 1710 281 1748; x_wconf 93' lang='lat' dir='ltr'><strong>si</strong></span> <span class='ocrx_word' id='word_1_201' title='bbox 313 1709 431 1749; x_wconf 89' lang='lat' dir='ltr'><strong>iubes</strong></span> <span class='ocrx_word' id='word_1_202' title='bbox 463 1708 574 1747; x_wconf 91' lang='lat' dir='ltr'><strong>illam</strong></span> <span class='ocrx_word' id='word_1_203' title='bbox 608 1709 647 1747; x_wconf 89' lang='lat' dir='ltr'><strong>in</strong></span> <span class='ocrx_word' id='word_1_204' title='bbox 678 1707 772 1747; x_wconf 91' lang='lat' dir='ltr'><strong>loco</strong></span> <span class='ocrx_word' id='word_1_205' title='bbox 805 1706 975 1746; x_wconf 91' lang='lat' dir='ltr'><strong>uolubili</strong></span> <span class='ocrx_word' id='word_1_206' title='bbox 1007 1712 1128 1746; x_wconf 90' lang='lat' dir='ltr'><strong>stare.</strong></span> <span class='ocrx_word' id='word_1_207' title='bbox 1171 1705 1271 1758; x_wconf 92' lang='lat' dir='ltr'><strong>quid</strong></span> <span class='ocrx_word' id='word_1_208' title='bbox 1303 1710 1445 1744; x_wconf 85' lang='lat' dir='ltr'><strong>autem</strong></span> <span class='ocrx_word' id='word_1_209' title='bbox 1477 1710 1565 1744; x_wconf 89' lang='lat' dir='ltr'><strong>tam</strong></span> <span class='ocrx_word' id='word_1_210' title='bbox 1598 1704 1779 1744; x_wconf 90' lang='lat' dir='ltr'><strong>uolubile</strong></span> <span class='ocrx_word' id='word_1_211' title='bbox 1811 1711 1886 1753; x_wconf 87' lang='lat' dir='ltr'><strong>est,</strong></span> 
     </span>
     <span class='ocr_line' id='line_1_24' title="bbox 249 1774 1884 1834; baseline -0.004 -14"><span class='ocrx_word' id='word_1_212' title='bbox 249 1794 375 1834; x_wconf 88' lang='lat' dir='ltr'><strong>quam</strong></span> <span class='ocrx_word' id='word_1_213' title='bbox 408 1779 674 1820; x_wconf 82' lang='lat' dir='ltr'><strong>fortuitorum</strong></span> <span class='ocrx_word' id='word_1_214' title='bbox 708 1778 949 1830; x_wconf 82' lang='lat' dir='ltr'><strong>expectatio</strong></span> <span class='ocrx_word' id='word_1_215' title='bbox 983 1783 1025 1816; x_wconf 90' lang='lat' dir='ltr'><strong>et</strong></span> <span class='ocrx_word' id='word_1_216' title='bbox 1057 1776 1244 1829; x_wconf 84' lang='lat' dir='ltr'><strong>corporis</strong></span> <span class='ocrx_word' id='word_1_217' title='bbox 1273 1789 1495 1827; x_wconf 87' lang='lat' dir='ltr'><strong>rerumque</strong></span> <span class='ocrx_word' id='word_1_218' title='bbox 1518 1788 1669 1828; x_wconf 87' lang='lat' dir='ltr'><strong>corpus</strong></span> <span class='ocrx_word' id='word_1_219' title='bbox 1691 1774 1884 1815; x_wconf 88' lang='lat' dir='ltr'><strong>adficien-</strong></span> 
     </span>
     <span class='ocr_line' id='line_1_25' title="bbox 250 1846 1888 1901; baseline -0.003 -10"><span class='ocrx_word' id='word_1_220' title='bbox 250 1853 352 1892; x_wconf 89' lang='lat' dir='ltr'><strong>tium</strong></span> <span class='ocrx_word' id='word_1_221' title='bbox 386 1851 589 1890; x_wconf 83' lang='lat' dir='ltr'><strong>uarietas?</strong></span> <span class='ocrx_word' id='word_1_222' title='bbox 623 1849 844 1901; x_wconf 88' lang='lat' dir='ltr'><strong>quomodo</strong></span> <span class='ocrx_word' id='word_1_223' title='bbox 876 1849 942 1887; x_wconf 90' lang='lat' dir='ltr'><strong>hic</strong></span> <span class='ocrx_word' id='word_1_224' title='bbox 972 1853 1113 1900; x_wconf 86' lang='lat' dir='ltr'><strong>potest</strong></span> <span class='ocrx_word' id='word_1_225' title='bbox 1146 1848 1228 1886; x_wconf 94' lang='lat' dir='ltr'><strong>deo</strong></span> <span class='ocrx_word' id='word_1_226' title='bbox 1261 1860 1406 1898; x_wconf 90' lang='lat' dir='ltr'><strong>parere</strong></span> <span class='ocrx_word' id='word_1_227' title='bbox 1439 1852 1479 1885; x_wconf 93' lang='lat' dir='ltr'><strong>et</strong></span> <span class='ocrx_word' id='word_1_228' title='bbox 1508 1846 1708 1898; x_wconf 91' lang='lat' dir='ltr'><strong>quidquid</strong></span> <span class='ocrx_word' id='word_1_229' title='bbox 1739 1848 1888 1893; x_wconf 89' lang='lat' dir='ltr'><strong>euenit,</strong></span> 
     </span>
    </p>

    <p class='ocr_par' dir='ltr' id='par_1_7' title="bbox 197 1917 1935 2255">
     <span class='ocr_line' id='line_1_26' title="bbox 197 1917 1888 1971; baseline -0.005 -8"><span class='ocrx_word' id='word_1_230' title='bbox 197 1931 230 1956; x_wconf 76' lang='lat'><strong>‘25</strong></span> <span class='ocrx_word' id='word_1_231' title='bbox 251 1924 367 1962; x_wconf 91' lang='lat' dir='ltr'><strong>bono</strong></span> <span class='ocrx_word' id='word_1_232' title='bbox 409 1922 548 1961; x_wconf 84' lang='lat' dir='ltr'><strong>animo</strong></span> <span class='ocrx_word' id='word_1_233' title='bbox 593 1921 787 1971; x_wconf 84' lang='lat' dir='ltr'><strong>excipere</strong></span> <span class='ocrx_word' id='word_1_234' title='bbox 820 1933 897 1958; x_wconf 91' lang='lat' dir='ltr'><strong>nec</strong></span> <span class='ocrx_word' id='word_1_235' title='bbox 930 1920 983 1958; x_wconf 93' lang='lat' dir='ltr'><strong>de</strong></span> <span class='ocrx_word' id='word_1_236' title='bbox 1015 1918 1099 1958; x_wconf 88' lang='lat' dir='ltr'><strong>fato</strong></span> <span class='ocrx_word' id='word_1_237' title='bbox 1132 1919 1247 1971; x_wconf 90' lang='lat' dir='ltr'><strong>queri</strong></span> <span class='ocrx_word' id='word_1_238' title='bbox 1280 1931 1449 1957; x_wconf 88' lang='lat' dir='ltr'><strong>casuum</strong></span> <span class='ocrx_word' id='word_1_239' title='bbox 1482 1931 1651 1956; x_wconf 90' lang='lat' dir='ltr'><strong>suorum</strong></span> <span class='ocrx_word' id='word_1_240' title='bbox 1686 1917 1888 1969; x_wconf 88' lang='lat' dir='ltr'><strong>benignus</strong></span> 
     </span>
     <span class='ocr_line' id='line_1_27' title="bbox 252 1988 1888 2046; baseline -0.005 -12"><span class='ocrx_word' id='word_1_241' title='bbox 252 1996 474 2046; x_wconf 87' lang='lat' dir='ltr'><strong>interpres,</strong></span> <span class='ocrx_word' id='word_1_242' title='bbox 517 1994 549 2032; x_wconf 89' lang='lat' dir='ltr'><strong>si</strong></span> <span class='ocrx_word' id='word_1_243' title='bbox 588 1993 641 2031; x_wconf 86' lang='lat' dir='ltr'><strong>ad</strong></span> <span class='ocrx_word' id='word_1_244' title='bbox 674 1991 937 2043; x_wconf 88' lang='lat' dir='ltr'><strong>uoluptatum</strong></span> <span class='ocrx_word' id='word_1_245' title='bbox 972 1990 1251 2042; x_wconf 91' lang='lat' dir='ltr'><strong>dolorumque</strong></span> <span class='ocrx_word' id='word_1_246' title='bbox 1283 1988 1597 2042; x_wconf 89' lang='lat' dir='ltr'><strong>punctiunculas</strong></span> <span class='ocrx_word' id='word_1_247' title='bbox 1629 1989 1888 2027; x_wconf 87' lang='lat' dir='ltr'><strong>concutitur?</strong></span> 
     </span>
     <span class='ocr_line' id='line_1_28' title="bbox 252 2060 1886 2116; baseline -0.004 -12"><span class='ocrx_word' id='word_1_248' title='bbox 252 2066 327 2105; x_wconf 89' lang='lat' dir='ltr'><strong>sed</strong></span> <span class='ocrx_word' id='word_1_249' title='bbox 371 2078 422 2103; x_wconf 90' lang='lat' dir='ltr'><strong>ne</strong></span> <span class='ocrx_word' id='word_1_250' title='bbox 455 2064 611 2116; x_wconf 85' lang='lat' dir='ltr'><strong>patriae</strong></span> <span class='ocrx_word' id='word_1_251' title='bbox 644 2063 813 2115; x_wconf 89' lang='lat' dir='ltr'><strong>quidem</strong></span> <span class='ocrx_word' id='word_1_252' title='bbox 846 2061 983 2101; x_wconf 90' lang='lat' dir='ltr'><strong>bonus</strong></span> <span class='ocrx_word' id='word_1_253' title='bbox 1015 2067 1129 2100; x_wconf 85' lang='lat' dir='ltr'><strong>tutor</strong></span> <span class='ocrx_word' id='word_1_254' title='bbox 1162 2067 1231 2100; x_wconf 84' lang='lat' dir='ltr'><strong>aut</strong></span> <span class='ocrx_word' id='word_1_255' title='bbox 1264 2061 1420 2100; x_wconf 82' lang='lat' dir='ltr'><strong>uindex</strong></span> <span class='ocrx_word' id='word_1_256' title='bbox 1454 2065 1517 2099; x_wconf 90' lang='lat' dir='ltr'><strong>est</strong></span> <span class='ocrx_word' id='word_1_257' title='bbox 1549 2073 1626 2099; x_wconf 90' lang='lat' dir='ltr'><strong>nec</strong></span> <span class='ocrx_word' id='word_1_258' title='bbox 1659 2060 1886 2098; x_wconf 90' lang='lat' dir='ltr'><strong>amicorum</strong></span> 
     </span>
     <span class='ocr_line' id='line_1_29' title="bbox 253 2129 1935 2188; baseline -0.003 -14"><span class='ocrx_word' id='word_1_259' title='bbox 253 2141 562 2188; x_wconf 80' lang='lat' dir='ltr'><strong>propugnator,</strong></span> <span class='ocrx_word' id='word_1_260' title='bbox 606 2135 637 2173; x_wconf 95' lang='lat' dir='ltr'><strong>si</strong></span> <span class='ocrx_word' id='word_1_261' title='bbox 680 2135 734 2173; x_wconf 87' lang='lat' dir='ltr'><strong>ad</strong></span> <span class='ocrx_word' id='word_1_262' title='bbox 768 2133 1006 2186; x_wconf 85' lang='lat' dir='ltr'><strong>uoluptates</strong></span> <span class='ocrx_word' id='word_1_263' title='bbox 1039 2133 1182 2183; x_wconf 89' lang='lat' dir='ltr'><strong>uergit.</strong></span> <span class='ocrx_word' id='word_1_264' title='bbox 1247 2131 1315 2170; x_wconf 90' lang='lat' dir='ltr'><strong>illo</strong></span> <span class='ocrx_word' id='word_1_265' title='bbox 1349 2145 1452 2184; x_wconf 90' lang='lat' dir='ltr'><strong>ergo</strong></span> <span class='ocrx_word' id='word_1_266' title='bbox 1484 2143 1695 2170; x_wconf 88' lang='lat' dir='ltr'><strong>summum</strong></span> <span class='ocrx_word' id='word_1_267' title='bbox 1728 2129 1887 2169; x_wconf 88' lang='lat' dir='ltr'><strong>bonum</strong></span> <span class='ocrx_word' id='word_1_268' title='bbox 1916 2140 1935 2170; x_wconf 70' lang='grc' dir='ltr'><strong>ἵ»</strong></span> 
     </span>
     <span class='ocr_line' id='line_1_30' title="bbox 254 2201 1890 2255; baseline -0.004 -10"><span class='ocrx_word' id='word_1_269' title='bbox 254 2205 472 2253; x_wconf 81' lang='lat' dir='ltr'><strong>escendat,</strong></span> <span class='ocrx_word' id='word_1_270' title='bbox 517 2206 627 2244; x_wconf 86' lang='lat' dir='ltr'><strong>unde</strong></span> <span class='ocrx_word' id='word_1_271' title='bbox 669 2204 779 2243; x_wconf 90' lang='lat' dir='ltr'><strong>nulla</strong></span> <span class='ocrx_word' id='word_1_272' title='bbox 811 2204 850 2243; x_wconf 90' lang='lat' dir='ltr'><strong>ui</strong></span> <span class='ocrx_word' id='word_1_273' title='bbox 883 2203 1135 2251; x_wconf 85' lang='lat' dir='ltr'><strong>detrahitur,</strong></span> <span class='ocrx_word' id='word_1_274' title='bbox 1179 2216 1264 2255; x_wconf 88' lang='lat' dir='ltr'><strong>quo</strong></span> <span class='ocrx_word' id='word_1_275' title='bbox 1297 2215 1432 2254; x_wconf 90' lang='lat' dir='ltr'><strong>neque</strong></span> <span class='ocrx_word' id='word_1_276' title='bbox 1466 2201 1600 2241; x_wconf 91' lang='lat' dir='ltr'><strong>dolori</strong></span> <span class='ocrx_word' id='word_1_277' title='bbox 1635 2214 1769 2253; x_wconf 89' lang='lat' dir='ltr'><strong>neque</strong></span> <span class='ocrx_word' id='word_1_278' title='bbox 1801 2201 1890 2253; x_wconf 90' lang='lat' dir='ltr'><strong>spei</strong></span> 
     </span>
    </p>
   </div>
   <div class='ocr_carea' id='block_1_3' title="bbox 254 2305 1895 2895">
    <p class='ocr_par' dir='ltr' id='par_1_8' title="bbox 254 2305 1895 2895">
     <span class='ocr_line' id='line_1_31' title="bbox 256 2305 1889 2353; baseline -0.006 -8"><span class='ocrx_word' id='word_1_279' title='bbox 256 2314 271 2345; x_wconf 77' lang='lat' dir='ltr'><strong>vl</strong></span> <span class='ocrx_word' id='word_1_280' title='bbox 311 2312 460 2343; x_wconf 82' lang='lat' dir='ltr'><strong>aestimat</strong></span> <span class='ocrx_word' id='word_1_281' title='bbox 488 2309 615 2353; x_wconf 66' lang='lat' dir='ltr'><strong>melyo:</strong></span> <span class='ocrx_word' id='word_1_282' title='bbox 653 2311 803 2350; x_wconf 73' lang='lat' dir='ltr'><strong>estimant</strong></span> <span class='ocrx_word' id='word_1_283' title='bbox 925 2310 945 2341; x_wconf 69' lang='lat'><strong>2</strong></span> <span class='ocrx_word' id='word_1_284' title='bbox 977 2309 1075 2340; x_wconf 76' lang='lat' dir='ltr'><strong>saltus</strong></span> <span class='ocrx_word' id='word_1_285' title='bbox 1103 2307 1206 2342; x_wconf 55' lang='lat' dir='ltr'><strong>deth:</strong></span> <span class='ocrx_word' id='word_1_286' title='bbox 1244 2309 1327 2338; x_wconf 82' lang='lat' dir='ltr'><strong>intus</strong></span> <span class='ocrx_word' id='word_1_287' title='bbox 1448 2306 1467 2339; x_wconf 74' lang='grc' dir='ltr'>ὃ</span> <span class='ocrx_word' id='word_1_288' title='bbox 1501 2310 1628 2350; x_wconf 67' lang='lat' dir='ltr'><strong>premat</strong></span> <span class='ocrx_word' id='word_1_289' title='bbox 1762 2305 1781 2338; x_wconf 77' lang='lat'>5</span> <span class='ocrx_word' id='word_1_290' title='bbox 1816 2316 1889 2337; x_wconf 86' lang='lat' dir='ltr'><strong>nec-</strong></span> 
     </span>
     <span class='ocr_line' id='line_1_32' title="bbox 254 2363 1886 2412; baseline -0.004 -11"><span class='ocrx_word' id='word_1_291' title='bbox 254 2372 329 2412; x_wconf 82' lang='lat' dir='ltr'><strong>legit</strong></span> <span class='ocrx_word' id='word_1_292' title='bbox 360 2372 390 2412; x_wconf 85' lang='lat' dir='ltr'><strong>(c</strong></span> <span class='ocrx_word' id='word_1_293' title='bbox 418 2369 453 2402; x_wconf 76' lang='lat' dir='ltr'><strong>in</strong></span> <span class='ocrx_word' id='word_1_294' title='bbox 479 2381 500 2410; x_wconf 75' lang='lat' dir='ltr'><strong>g</strong></span> <span class='ocrx_word' id='word_1_295' title='bbox 527 2369 637 2405; x_wconf 62' lang='lat' dir='ltr'><strong>corr.)</strong></span> <span class='ocrx_word' id='word_1_296' title='bbox 808 2370 828 2397; x_wconf 61' lang='grc' dir='ltr'>Η</span> <span class='ocrx_word' id='word_1_297' title='bbox 864 2369 907 2399; x_wconf 81' lang='lat' dir='ltr'><strong>ita</strong></span> <span class='ocrx_word' id='word_1_298' title='bbox 933 2368 1017 2400; x_wconf 80' lang='lat' dir='ltr'><strong>effici</strong></span> <span class='ocrx_word' id='word_1_299' title='bbox 1045 2366 1122 2401; x_wconf 81' lang='lat' dir='ltr'><strong>cod.</strong></span> <span class='ocrx_word' id='word_1_300' title='bbox 1151 2377 1229 2400; x_wconf 80' lang='lat' dir='ltr'><strong>cum</strong></span> <span class='ocrx_word' id='word_1_301' title='bbox 1257 2365 1369 2411; x_wconf 70' lang='lat' dir='ltr'><strong>Neap.</strong></span> <span class='ocrx_word' id='word_1_302' title='bbox 1397 2369 1431 2399; x_wconf 75' lang='lat' dir='ltr'><strong>ct</strong></span> <span class='ocrx_word' id='word_1_303' title='bbox 1461 2363 1629 2410; x_wconf 71' lang='lat' dir='ltr'><strong>plurimis</strong></span> <span class='ocrx_word' id='word_1_304' title='bbox 1655 2363 1886 2398; x_wconf 71' lang='lat' dir='ltr'><strong>editionibus:</strong></span> 
     </span>
     <span class='ocr_line' id='line_1_33' title="bbox 255 2422 1890 2472; baseline -0.004 -11"><span class='ocrx_word' id='word_1_305' title='bbox 255 2430 340 2461; x_wconf 78' lang='lat' dir='ltr'><strong>effici</strong></span> <span class='ocrx_word' id='word_1_306' title='bbox 371 2427 484 2472; x_wconf 53' lang='lat' dir='ltr'><strong>Risu,</strong></span> <span class='ocrx_word' id='word_1_307' title='bbox 512 2427 670 2470; x_wconf 62' lang='lat' dir='ltr'><strong>Fickert,</strong></span> <span class='ocrx_word' id='word_1_308' title='bbox 698 2427 820 2461; x_wconf 73' lang='lat' dir='ltr'><strong>Haase</strong></span> <span class='ocrx_word' id='word_1_309' title='bbox 940 2427 960 2460; x_wconf 71' lang='lat' dir='ltr'><strong>{l</strong></span> <span class='ocrx_word' id='word_1_310' title='bbox 988 2427 1161 2458; x_wconf 81' lang='lat' dir='ltr'><strong>iocundum</strong></span> <span class='ocrx_word' id='word_1_311' title='bbox 1190 2427 1300 2468; x_wconf 64' lang='lat' dir='ltr'><strong>(iocum</strong></span> <span class='ocrx_word' id='word_1_312' title='bbox 1329 2424 1363 2458; x_wconf 77' lang='lat' dir='ltr'><strong>z&#39;n</strong></span> <span class='ocrx_word' id='word_1_313' title='bbox 1382 2425 1471 2466; x_wconf 77' lang='lat' dir='ltr'><strong>ras.)</strong></span> <span class='ocrx_word' id='word_1_314' title='bbox 1597 2424 1632 2457; x_wconf 82' lang='lat'><strong>11</strong></span> <span class='ocrx_word' id='word_1_315' title='bbox 1666 2424 1777 2465; x_wconf 79' lang='lat' dir='ltr'><strong>aliquit</strong></span> <span class='ocrx_word' id='word_1_316' title='bbox 1805 2424 1828 2463; x_wconf 84' lang='lat' dir='ltr'><strong>(t</strong></span> <span class='ocrx_word' id='word_1_317' title='bbox 1855 2422 1890 2456; x_wconf 80' lang='lat' dir='ltr'><strong>iu</strong></span> 
     </span>
     <span class='ocr_line' id='line_1_34' title="bbox 257 2483 1891 2530; baseline -0.005 -10"><span class='ocrx_word' id='word_1_318' title='bbox 257 2490 275 2518; x_wconf 68' lang='grc' dir='ltr'><strong>(ἶ</strong></span> <span class='ocrx_word' id='word_1_319' title='bbox 304 2486 415 2530; x_wconf 74' lang='lat' dir='ltr'><strong>corr.)</strong></span> <span class='ocrx_word' id='word_1_320' title='bbox 545 2487 580 2519; x_wconf 67' lang='lat' dir='ltr'><strong>tf)</strong></span> <span class='ocrx_word' id='word_1_321' title='bbox 609 2488 852 2529; x_wconf 53' lang='lat' dir='ltr'><strong>uoluptatisffi*</strong></span> <span class='ocrx_word' id='word_1_322' title='bbox 977 2485 1017 2519; x_wconf 84' lang='lat' dir='ltr'><strong>l7</strong></span> <span class='ocrx_word' id='word_1_323' title='bbox 1044 2486 1196 2527; x_wconf 78' lang='lat' dir='ltr'><strong>quicquid</strong></span> <span class='ocrx_word' id='word_1_324' title='bbox 1318 2485 1451 2525; x_wconf 70' lang='lat' dir='ltr'><strong>hebetat</strong></span> <span class='ocrx_word' id='word_1_325' title='bbox 1572 2484 1617 2516; x_wconf 68' lang='lat'><strong>⁸31)</strong></span> <span class='ocrx_word' id='word_1_326' title='bbox 1642 2483 1821 2523; x_wconf 72' lang='lat' dir='ltr'><strong>suspiciosa</strong></span> <span class='ocrx_word' id='word_1_327' title='bbox 1848 2483 1891 2522; x_wconf 80' lang='lat' dir='ltr'><strong>(ic</strong></span> 
     </span>
     <span class='ocr_line' id='line_1_35' title="bbox 257 2541 1890 2587; baseline -0.003 -8"><span class='ocrx_word' id='word_1_328' title='bbox 257 2547 291 2580; x_wconf 61' lang='grc' dir='ltr'><strong>[ἠ</strong></span> <span class='ocrx_word' id='word_1_329' title='bbox 318 2553 406 2587; x_wconf 78' lang='lat' dir='ltr'><strong>ras.)</strong></span> <span class='ocrx_word' id='word_1_330' title='bbox 531 2547 568 2579; x_wconf 65' lang='lat'><strong>21</strong></span> <span class='ocrx_word' id='word_1_331' title='bbox 594 2547 766 2577; x_wconf 67' lang='lat' dir='ltr'><strong>momentis</strong></span> <span class='ocrx_word' id='word_1_332' title='bbox 786 2544 968 2580; x_wconf 74' lang='lat' dir='ltr'><strong>Muretus:</strong></span> <span class='ocrx_word' id='word_1_333' title='bbox 998 2549 1164 2576; x_wconf 80' lang='lat' dir='ltr'><strong>momenta</strong></span> <span class='ocrx_word' id='word_1_334' title='bbox 1188 2552 1258 2575; x_wconf 67' lang='lat' dir='ltr'><strong>sunt</strong></span> <span class='ocrx_word' id='word_1_335' title='bbox 1280 2542 1382 2585; x_wconf 70' lang='lat' dir='ltr'><strong>(haec</strong></span> <span class='ocrx_word' id='word_1_336' title='bbox 1395 2547 1544 2586; x_wconf 74' lang='lat' dir='ltr'><strong>praeter</strong></span> <span class='ocrx_word' id='word_1_337' title='bbox 1562 2545 1730 2575; x_wconf 73' lang='lat' dir='ltr'><strong>extrema</strong></span> <span class='ocrx_word' id='word_1_338' title='bbox 1748 2541 1782 2574; x_wconf 74' lang='lat' dir='ltr'><strong>in</strong></span> <span class='ocrx_word' id='word_1_339' title='bbox 1801 2541 1890 2583; x_wconf 78' lang='lat' dir='ltr'><strong>ras.)</strong></span> 
     </span>
     <span class='ocr_line' id='line_1_36' title="bbox 401 2599 1891 2647; baseline -0.001 -11"><span class='ocrx_word' id='word_1_340' title='bbox 401 2606 601 2637; x_wconf 51' lang='lat' dir='ltr'><strong>immobile*</strong></span> <span class='ocrx_word' id='word_1_341' title='bbox 629 2609 728 2647; x_wconf 60' lang='lat' dir='ltr'><strong>trus„</strong></span> <span class='ocrx_word' id='word_1_342' title='bbox 758 2603 900 2638; x_wconf 71' lang='lat' dir='ltr'><strong>uidetur</strong></span> <span class='ocrx_word' id='word_1_343' title='bbox 923 2602 1041 2647; x_wconf 77' lang='lat' dir='ltr'><strong>fuisse</strong></span> <span class='ocrx_word' id='word_1_344' title='bbox 1066 2604 1112 2645; x_wconf 83' lang='lat' dir='ltr'><strong>m)</strong></span> <span class='ocrx_word' id='word_1_345' title='bbox 1234 2602 1278 2635; x_wconf 63' lang='lat'><strong>22&gt;</strong></span> <span class='ocrx_word' id='word_1_346' title='bbox 1305 2603 1330 2633; x_wconf 83' lang='lat' dir='ltr'><strong>si</strong></span> <span class='ocrx_word' id='word_1_347' title='bbox 1357 2600 1477 2635; x_wconf 72' lang='lat' dir='ltr'><strong>Ii&#39;oclz:</strong></span> <span class='ocrx_word' id='word_1_348' title='bbox 1506 2601 1563 2633; x_wconf 82' lang='lat' dir='ltr'><strong>sed</strong></span> <span class='ocrx_word' id='word_1_349' title='bbox 1683 2604 1702 2633; x_wconf 75' lang='lat' dir='ltr'><strong>e</strong></span> <span class='ocrx_word' id='word_1_350' title='bbox 1728 2599 1776 2642; x_wconf 81' lang='lat' dir='ltr'><strong>(in</strong></span> <span class='ocrx_word' id='word_1_351' title='bbox 1802 2601 1891 2642; x_wconf 80' lang='lat' dir='ltr'><strong>ras.)</strong></span> 
     </span>
     <span class='ocr_line' id='line_1_37' title="bbox 403 2661 1895 2720; baseline -0.003 -11"><span class='ocrx_word' id='word_1_352' title='bbox 403 2679 446 2709; x_wconf 59' lang='lat'><strong>23</strong></span> <span class='ocrx_word' id='word_1_353' title='bbox 475 2676 685 2708; x_wconf 78' lang='lat' dir='ltr'><strong>afficientium</strong></span> <span class='ocrx_word' id='word_1_354' title='bbox 715 2675 839 2720; x_wconf 75' lang='lat' dir='ltr'><strong>(prior</strong></span> <span class='ocrx_word' id='word_1_355' title='bbox 866 2675 1013 2715; x_wconf 65' lang='lat' dir='ltr'><strong>scorr.)</strong></span> <span class='ocrx_word' id='word_1_356' title='bbox 1111 2672 1154 2706; x_wconf 67' lang='lat'><strong>24</strong></span> <span class='ocrx_word' id='word_1_357' title='bbox 1181 2674 1335 2714; x_wconf 80' lang='lat' dir='ltr'><strong>quicquid</strong></span> <span class='ocrx_word' id='word_1_358' title='bbox 1457 2672 1500 2705; x_wconf 68' lang='lat'><strong>25</strong></span> <span class='ocrx_word' id='word_1_359' title='bbox 1532 2683 1593 2713; x_wconf 63' lang='lat' dir='ltr'><strong>que</strong></span> <span class='ocrx_word' id='word_1_360' title='bbox 1621 2672 1645 2702; x_wconf 88' lang='lat' dir='ltr'><strong>ri</strong></span> <span class='ocrx_word' id='word_1_361' title='bbox 1668 2661 1689 2703; x_wconf 61' lang='grc' dir='ltr'>ἶ</span> <span class='ocrx_word' id='word_1_362' title='bbox 1717 2661 1760 2712; x_wconf 60' lang='grc' dir='ltr'><strong>(ἶ,</strong></span> <span class='ocrx_word' id='word_1_363' title='bbox 1795 2669 1895 2715; x_wconf 79' lang='lat' dir='ltr'><strong>qnod</strong></span> 
     </span>
     <span class='ocr_line' id='line_1_38' title="bbox 262 2729 1894 2777; baseline -0.004 -7"><span class='ocrx_word' id='word_1_364' title='bbox 262 2741 315 2770; x_wconf 58' lang='lat' dir='ltr'><strong>cxl</strong></span> <span class='ocrx_word' id='word_1_365' title='bbox 343 2741 390 2767; x_wconf 85' lang='lat' dir='ltr'><strong>tur</strong></span> <span class='ocrx_word' id='word_1_366' title='bbox 416 2736 451 2769; x_wconf 76' lang='lat' dir='ltr'><strong>in</strong></span> <span class='ocrx_word' id='word_1_367' title='bbox 479 2735 567 2777; x_wconf 76' lang='lat' dir='ltr'><strong>ras.)</strong></span> <span class='ocrx_word' id='word_1_368' title='bbox 714 2736 758 2768; x_wconf 67' lang='lat'><strong>26</strong></span> <span class='ocrx_word' id='word_1_369' title='bbox 793 2734 901 2775; x_wconf 82' lang='lat' dir='ltr'><strong>puncti</strong></span> <span class='ocrx_word' id='word_1_370' title='bbox 928 2733 1062 2773; x_wconf 82' lang='lat' dir='ltr'><strong>ungulas</strong></span> <span class='ocrx_word' id='word_1_371' title='bbox 1206 2731 1250 2765; x_wconf 77' lang='grc'><strong>29</strong></span> <span class='ocrx_word' id='word_1_372' title='bbox 1286 2732 1437 2763; x_wconf 79' lang='lat' dir='ltr'><strong>escendat</strong></span> <span class='ocrx_word' id='word_1_373' title='bbox 1465 2730 1495 2772; x_wconf 87' lang='lat' dir='ltr'><strong>(e</strong></span> <span class='ocrx_word' id='word_1_374' title='bbox 1521 2730 1556 2763; x_wconf 80' lang='lat' dir='ltr'><strong>in</strong></span> <span class='ocrx_word' id='word_1_375' title='bbox 1582 2740 1674 2770; x_wconf 77' lang='lat' dir='ltr'><strong>ras.‚</strong></span> <span class='ocrx_word' id='word_1_376' title='bbox 1711 2731 1752 2761; x_wconf 91' lang='lat' dir='ltr'><strong>ad</strong></span> <span class='ocrx_word' id='word_1_377' title='bbox 1776 2729 1894 2773; x_wconf 75' lang='lat' dir='ltr'><strong>fuisse</strong></span> 
     </span>
     <span class='ocr_line' id='line_1_39' title="bbox 262 2789 1753 2841; baseline -0.006 -13"><span class='ocrx_word' id='word_1_378' title='bbox 262 2795 436 2829; x_wconf 55' lang='lat' dir='ltr'><strong>(limorum</strong></span> <span class='ocrx_word' id='word_1_379' title='bbox 465 2793 583 2836; x_wconf 77' lang='lat' dir='ltr'><strong>lcale&#39;);</strong></span> <span class='ocrx_word' id='word_1_380' title='bbox 622 2793 742 2841; x_wconf 73' lang='lat' dir='ltr'><strong>utiquc</strong></span> <span class='ocrx_word' id='word_1_381' title='bbox 778 2803 899 2826; x_wconf 71' lang='lat' dir='ltr'><strong>uerum</strong></span> <span class='ocrx_word' id='word_1_382' title='bbox 936 2802 1012 2825; x_wconf 71' lang='lat' dir='ltr'><strong>esse</strong></span> <span class='ocrx_word' id='word_1_383' title='bbox 1038 2792 1189 2823; x_wconf 77' lang='lat' dir='ltr'><strong>escendat</strong></span> <span class='ocrx_word' id='word_1_384' title='bbox 1224 2789 1379 2825; x_wconf 74' lang='lat' dir='ltr'><strong>ostendit</strong></span> <span class='ocrx_word' id='word_1_385' title='bbox 1404 2800 1556 2834; x_wconf 67' lang='lat' dir='ltr'><strong>sequens</strong></span> <span class='ocrx_word' id='word_1_386' title='bbox 1581 2789 1753 2821; x_wconf 83' lang='lat' dir='ltr'><strong>escendere</strong></span> 
     </span>
     <span class='ocr_line' id='line_1_40' title="bbox 264 2846 1892 2895; baseline -0.004 -9"><span class='ocrx_word' id='word_1_387' title='bbox 264 2856 347 2886; x_wconf 73' lang='lat' dir='ltr'><strong>uwlc</strong></span> <span class='ocrx_word' id='word_1_388' title='bbox 378 2859 473 2895; x_wconf 36' lang='lat' dir='ltr'><strong>[attic</strong></span> <span class='ocrx_word' id='word_1_389' title='bbox 500 2865 517 2884; x_wconf 85' lang='lat' dir='ltr'><strong>u</strong></span> <span class='ocrx_word' id='word_1_390' title='bbox 545 2863 616 2886; x_wconf 74' lang='lat' dir='ltr'><strong>ras.</strong></span> <span class='ocrx_word' id='word_1_391' title='bbox 645 2852 786 2886; x_wconf 67' lang='lat' dir='ltr'><strong>lz&#39;llerac</strong></span> <span class='ocrx_word' id='word_1_392' title='bbox 814 2865 857 2889; x_wconf 74' lang='lat' dir='ltr'><strong>m)</strong></span> <span class='ocrx_word' id='word_1_393' title='bbox 957 2852 985 2881; x_wconf 85' lang='lat' dir='ltr'><strong>ui</strong></span> <span class='ocrx_word' id='word_1_394' title='bbox 1014 2850 1062 2891; x_wconf 76' lang='lat' dir='ltr'><strong>(in</strong></span> <span class='ocrx_word' id='word_1_395' title='bbox 1089 2852 1179 2893; x_wconf 78' lang='lat' dir='ltr'><strong>ras.)</strong></span> <span class='ocrx_word' id='word_1_396' title='bbox 1294 2861 1366 2891; x_wconf 83' lang='lat' dir='ltr'><strong>neq;</strong></span> <span class='ocrx_word' id='word_1_397' title='bbox 1397 2850 1503 2881; x_wconf 81' lang='lat' dir='ltr'><strong>dolori</strong></span> <span class='ocrx_word' id='word_1_398' title='bbox 1525 2861 1598 2890; x_wconf 74' lang='lat' dir='ltr'><strong>ncq3</strong></span> <span class='ocrx_word' id='word_1_399' title='bbox 1629 2848 1674 2890; x_wconf 52' lang='grc' dir='ltr'><strong>(ης</strong></span> <span class='ocrx_word' id='word_1_400' title='bbox 1696 2859 1729 2890; x_wconf 77' lang='lat'><strong>(13</strong></span> <span class='ocrx_word' id='word_1_401' title='bbox 1749 2847 1783 2880; x_wconf 76' lang='lat' dir='ltr'><strong>in</strong></span> <span class='ocrx_word' id='word_1_402' title='bbox 1804 2846 1892 2888; x_wconf 79' lang='lat' dir='ltr'><strong>ras.)</strong></span> 
     </span>
    </p>
   </div>
  </div>
 </body>
</html>
