1977 3231
571 135 664 160 1‘›1A1.
697 135 728 162 Υ.
771 136 821 160 DE
844 136 906 160 IRA
933 137 1000 162 Lux.
1023 137 1074 163 ΙΙΙ.
1114 139 1156 163 33.
1180 138 1222 162 3-1.
1627 144 1636 179 1
1657 144 1703 180 ¹23

89 232 177 273 fora
208 232 425 284 defatigat,
458 239 598 284 patres
630 232 864 286 liberosque
896 235 1131 283 committit,
1163 247 1323 273 uenena
1355 235 1511 279 miscet,
1544 234 1706 286 gladios

86 309 172 343 tam
206 303 517 357 percussoribus
539 317 665 355 quam
689 303 921 355 legionibus
943 305 1078 344 tradit.
1130 305 1234 344 haec
1256 311 1319 345 est
1341 306 1540 356 sanguine
1562 312 1706 345 nostro

83 373 279 414 delibuta.
347 380 520 426 propter
562 374 668 413 hanc
711 387 889 414 uxorum
944 377 1271 428 maritorumque
1322 382 1466 415 noctes
1518 382 1707 427 strepunt

83 444 221 485 litibus
263 450 304 484 et
347 444 565 484 tribunalia
607 445 924 496 magistratuum
967 448 1119 497 premit
1163 446 1305 493 turba,
1358 459 1477 498 reges
1520 447 1707 487 saeuiunt

84 517 328 567 rapiuntque
350 521 391 554 et
414 515 598 555 ciuitates
622 515 750 567 longo
773 515 1032 555 saeculorum
1055 516 1198 555 labore
1222 523 1480 556 constructas
1504 524 1705 565 euertunt,

37 589 56 620 L'
84 593 128 626 ut
170 599 314 625 aurum
348 593 651 638 argentumque
683 587 722 625 in
755 588 888 626 cinere
928 586 1088 626 urbium
1122 593 1367 627 scrutentur.
1431 587 1531 627 libet
1562 588 1709 628 intueri

83 657 205 696 fiscos
247 658 287 696 in
338 657 492 709 angulo
545 659 740 697 iacentis:
796 657 836 697 hi
884 663 979 697 sunt
1021 663 1192 709 propter
1234 671 1338 709 quos
1381 657 1485 697 oculi
1527 658 1709 698 clamore

83 728 389 779 exprimantur,
442 727 604 767 fremitu
658 728 901 767 iudiciorum
944 727 1134 767 basilicae
1176 735 1394 775 resonent,
1447 730 1611 768 euocati
1654 742 1708 768 ex

83 798 318 850 longinquis
371 798 606 849 regionibus
659 799 813 839 iudices
865 799 1039 838 sedeant
1093 799 1328 845 iudicaturi,
1387 799 1514 838 utrius
1567 800 1709 839 iustior

36 872 55 903 ἑῖ
83 869 255 909 auaritia
285 869 347 908 sit.
399 869 499 921 quid
531 869 563 908 si
595 883 646 908 ne
678 874 850 921 propter
882 868 1026 908 fiscum
1061 869 1242 921 quidem,
1277 870 1352 908 sed
1385 883 1571 921 pugnum
1604 872 1708 909 aeris

82 946 153 980 aut
194 940 428 991 inputatum
471 952 495 978 a
537 952 659 979 seruo
702 940 916 978 denarium
958 953 1089 978 senex
1141 940 1227 978 sine
1280 939 1435 979 herede
1487 942 1709 979 moriturus

81 1010 302 1050 stomacho
346 1010 618 1062 dirumpitur?
672 1010 770 1062 quid
804 1012 834 1050 si
867 1017 1040 1062 propter
1082 1023 1245 1049 usuram
1286 1026 1296 1041 ,2
1331 1016 1401 1049 aut
1434 1010 1708 1063 milensimam

82 1081 402 1121 ualetudinarius
434 1079 644 1120 fenerator
677 1081 860 1120 distortis
885 1080 1071 1132 pedibus
1104 1087 1145 1120 et
1178 1080 1370 1120 manibus
1403 1082 1457 1120 ad
1480 1087 1707 1133 conputan-

84 1153 182 1192 dum
216 1165 299 1191 non
332 1151 481 1191 relictis
513 1151 666 1191 clamat
697 1164 745 1190 ac
777 1165 850 1203 per
880 1151 1118 1191 uadimonia
1139 1165 1252 1190 asses
1274 1164 1371 1190 suos
1394 1153 1433 1190 in
1455 1152 1551 1203 ipsis
1574 1153 1709 1192 morbi

36 1223 55 1277 4
83 1222 386 1262 accessionibus
425 1222 633 1262 uindicat?
685 1222 717 1261 si
750 1228 884 1261 totam
919 1221 1016 1261 mihi
1049 1235 1104 1261 ex
1137 1221 1331 1261 omnibus
1364 1221 1561 1270 metallis,
1604 1237 1709 1275 quae
1748 1235 1762 1255 -·›

82 1307 176 1333 cum
209 1293 395 1332 maxime
423 1292 704 1344 deprimimus,
738 1293 954 1344 pecuniam
978 1291 1174 1344 proferas,
1207 1293 1239 1331 si
1262 1293 1301 1331 in
1324 1293 1510 1332 medium
1533 1294 1710 1345 proicias

82 1364 282 1417 quidquid
315 1362 525 1403 thensauri
558 1369 707 1415 tegunt
738 1363 910 1403 auaritia
942 1363 1089 1402 iterum
1112 1363 1189 1402 sub
1213 1370 1343 1403 terras
1365 1362 1581 1412 referente,
1605 1378 1710 1416 quae

83 1434 192 1475 male
223 1440 460 1486 egesserat:
498 1447 668 1473 omnem
700 1436 823 1473 istam
856 1435 1096 1485 congeriem
1130 1447 1214 1473 non
1242 1440 1387 1486 putem
1411 1435 1581 1486 dignam
1605 1448 1711 1486 quae

83 1505 262 1545 frontem
307 1504 379 1544 uiri
424 1504 524 1543 boni
557 1504 787 1544 contrahat.
850 1510 1007 1556 quanto
1039 1505 1120 1544 risu
1152 1506 1446 1557 prosequenda
1477 1511 1573 1544 sunt
1605 1519 1710 1558 quae

85 1577 204 1616 nobis
235 1575 424 1615 lacrimas
459 1576 668 1615 educunt?
1674 1576 1677 1577 ⁷

46 1646 52 1678 l
202 1646 402 1685 XXXIV.
467 1645 585 1686 Cedo
617 1660 746 1694 nunc,
779 1659 1027 1699 persequere
1063 1653 1217 1694 cetera,
1251 1646 1379 1694 cibos,
1411 1647 1603 1699 potiones
1636 1645 1709 1686 ho-

16 1706 22 1711 *
84 1731 257 1770 rumque
291 1730 414 1757 causa
445 1723 612 1769 paratas
635 1718 674 1756 in
696 1717 972 1756 ambitionem
997 1717 1230 1764 munditias,
1256 1716 1394 1764 uerba,
1428 1716 1710 1765 contumelias,

85 1795 224 1828 motus
256 1801 479 1841 corporum
513 1801 660 1840 parum
694 1787 945 1827 honorificos
978 1793 1019 1826 et
1058 1788 1333 1839 suspiciones,
1377 1794 1418 1826 et
1449 1788 1712 1827 contumacia

84 1860 265 1899 iumenta
298 1852 338 1898 et
371 1859 488 1911 pigra
520 1859 735 1911 mancipia,
769 1858 1130 1910 interpretationes
1164 1857 1366 1909 malignas
1397 1859 1511 1897 uocis
1543 1858 1711 1906 alienae,

83 1930 231 1983 quibus
263 1929 455 1978 efficitur,
498 1935 542 1968 ut
573 1929 678 1968 inter
710 1929 872 1968 iniurias
906 1934 1076 1968 naturae
1109 1935 1346 1969 numeretur
1377 1915 1516 1968 sermo
1549 1928 1707 1968 homini
1728 1939 1755 1962 ’Δΐ

83 2000 230 2040 datus:
277 2001 401 2039 crede
439 1999 559 2047 mihi,
602 1999 708 2039 leuia
740 2006 834 2039 sunt
867 2005 1039 2052 propter
1071 2013 1177 2052 quae
1210 2013 1294 2039 non
1326 1998 1470 2038 leuiter
1503 2001 1709 2039 excande-

38 2073 57 2104 '3
85 2071 257 2118 scimus,
301 2071 518 2124 qualiaque
549 2084 702 2123 pueros
735 2071 773 2108 in
807 2071 940 2109 rixam
975 2077 1015 2110 et
1047 2071 1223 2122 iurgium
1257 2071 1476 2109 concitant.
1530 2069 1626 2109 nihil
1658 2084 1711 2109 ex

84 2141 146 2180 his
187 2155 294 2194 quae
337 2147 422 2181 tam
467 2142 603 2180 tristes
645 2141 828 2192 agimus,
870 2141 1022 2194 serium
1065 2147 1149 2189 est,
1193 2140 1289 2180 nihil
1332 2154 1559 2192 magnum:
1605 2140 1712 2188 inde,

84 2213 273 2264 inquam,
316 2212 436 2251 uobis
469 2212 527 2251 ira
559 2218 601 2251 et
633 2211 788 2251 insania
820 2218 904 2259 est,
937 2212 1052 2263 quod
1086 2212 1239 2262 exigua
1270 2224 1427 2263 magno
1459 2213 1710 2251 aestumatis.

85 2282 244 2323 auferre
284 2282 350 2322 hic
393 2282 491 2321 mihi
534 2282 812 2322 hereditatem
846 2281 985 2321 uoluit.
1048 2282 1113 2321 hic
1146 2295 1214 2321 me
1247 2283 1314 2321 diu
1349 2282 1387 2321 in
1419 2295 1538 2334 spem
1571 2295 1710 2335 supre-

47 2472 50 2475 ,
91 2435 104 2469 l
128 2436 284 2477 defatigat
304 2436 337 2466 (a
351 2434 472 2479 prima
492 2444 596 2471 comt,
613 2432 685 2477 lull
700 2434 862 2477 sbrlscsse
881 2435 911 2475 e)
1002 2435 1021 2467 :⁷3
1042 2434 1178 2465 dilibuta
1268 2433 1284 2466 4
1307 2435 1424 2475 premit
1520 2436 1540 2463 Η
1561 2434 1704 2464 fremitu*

589 2505 633 2521 uis
872 2512 884 2525 s

216 2529 235 2562 9
263 2531 360 2561 utrius
387 2527 498 2573 Neclp.
527 2533 623 2560 utri-1*
785 2528 820 2561 ll)
849 2529 915 2560 ficu
1038 2539 1179 2569 pugnam
1207 2528 1269 2568 eris
1296 2527 1327 2570 (a
1353 2538 1403 2561 ea)
1429 2539 1446 2558 u
1469 2527 1587 2571 [ας-[αδ

96 2589 131 2621 12
173 2579 229 2619 auf
269 2587 448 2621 (lincolam
483 2585 625 2620 aclcle'dic
658 2588 787 2622 corr&
832 2590 914 2620 aule
948 2591 1000 2618 aut
1043 2585 1269 2620 intercidisse
1307 2585 1449 2620 uidetur
1483 2588 1713 2618 centensimam

89 2647 147 2681 uel
177 2646 291 2681 simile
323 2646 411 2691 quid
561 2646 596 2679 13
630 2646 879 2677 ualeturlinarius
918 2645 966 2687 (in
993 2655 1108 2689 marq.
1143 2646 1390 2677 ualetudinarius
1425 2656 1468 2679 m.
1506 2648 1524 2677 :5
1551 2644 1713 2679 addl'dl'tl

199 2713 358 2752 fenerator
476 2712 519 2742 ad
545 2712 787 2752 conputandum
818 2709 1032 2744 Pincianus:
1063 2711 1104 2741 ad
1131 2710 1359 2751 comparandi]
1487 2709 1523 2743 lT
1553 2706 1713 2756 [liciisauri

208 2776 251 2808 ‘22
278 2781 406 2818 paratas
434 2777 463 2806 in
490 2773 661 2819 Madm'q:
698 2781 845 2817 paratam
974 2773 1016 2808 27
1052 2775 1222 2816 qualiaque
1251 2773 1378 2808 Gertz:
1417 2775 1587 2816 qualiaque

91 2822 157 2890 exiis
278 2857 324 2891 2&
351 2859 453 2889 tristes
481 2856 514 2890 E
529 2859 553 2888 ¹:
584 2858 671 2888 triste
768 2858 931 2890 ·3¹.J21101›i÷
963 2856 1162 2890 deteriores
1184 2856 1313 2901 pauci:
1342 2858 1436 2887 nobis

1410 2919 1431 2945 δ’

1732 880 1761 904 10

1730 1585 1764 1610 2«)

1733 2293 1766 2315 :30
