2008 3221
237 126 317 164 244
500 120 601 145 DIAL.
625 101 662 146 X
701 118 756 143 AD
778 116 984 142 PAVLlNVM
1006 116 1059 141 DE
1079 115 1306 141 BREVITATE
1326 114 1457 142 VITAE.
1500 115 1540 142 19.
1560 114 1605 140 20.

239 218 512 271 respondeat,
551 229 603 254 an
636 215 688 254 ad
731 213 845 262 haec*
867 227 984 253 sacra
1016 219 1057 252 et
1089 211 1280 251 sublimia
1310 211 1486 250 accedas
1518 210 1713 257 sciturus,
1755 221 1863 260 quae

239 288 411 328 materia
443 287 493 326 sit
527 286 610 333 dis,
654 298 761 337 quae
794 283 1008 337 uoluptas,
1048 296 1156 335 quae
1188 283 1390 329 condicio,
1424 294 1530 333 quae
1562 280 1723 319 forma?
1776 279 1865 331 quis

239 360 422 398 animum
456 363 573 396 tuum
607 369 724 395 casus
758 360 967 407 expectet,
999 354 1067 393 ubi
1091 367 1169 392 nos
1191 367 1215 392 a
1237 351 1482 405 corporibus
1504 350 1697 390 dimissos
1719 355 1867 389 natura

240 430 478 481 conponat?
518 427 617 479 quid
649 427 701 465 sit
733 425 846 477 quod
880 424 998 463 huius
1021 424 1165 463 mundi
1188 423 1433 475 grauissima
1453 435 1642 475 quaeque
1664 422 1703 460 in
1726 420 1866 460 medio

187 516 200 538 5,
239 500 461 546 sustineat,
504 511 627 550 supra
660 496 764 536 leuia
796 496 1044 548 suspendat,
1078 496 1117 534 in
1149 507 1361 551 summum
1393 495 1535 545 ignem
1567 492 1690 540 ferat,
1733 491 1869 531 sidera

192 869 220 891 10

194 1575 208 1598 ¹).
211 1578 225 1598 0

240 570 396 609 uicibus
439 569 520 608 suis
564 568 745 608 excitet?
800 573 939 607 cetera
981 568 1178 618 deinceps
1219 565 1455 617 ingentibus
1497 563 1621 616 plena
1653 562 1868 602 miraculis.

240 642 299 679 uis
351 646 395 679 tu
438 639 580 678 relicto
622 638 713 678 solo
757 643 899 677 mente
941 638 995 676 ad
1038 637 1115 676 ista
1155 636 1387 689 respicere?
1441 648 1569 683 nunc,
1618 635 1718 673 dum
1763 632 1900 673 calet*

240 711 427 762 sanguis,
471 709 706 762 uigentibus
740 708 920 759 genibus
951 709 1005 747 ad
1039 707 1211 746 meliora
1243 707 1426 746 eundum
1459 711 1533 746 est.
1597 710 1796 758 expectat
1828 710 1870 743 te

241 784 278 821 in
311 782 393 821 hoc
425 794 577 832 genere
611 781 720 819 uitae
753 779 928 819 multum
960 779 1166 818 bonarum
1191 778 1351 825 artium,
1384 790 1504 816 amor
1527 777 1724 816 uirtutum
1748 784 1871 828 atque

242 867 350 900 usus,
383 852 671 904 cupiditatium
705 850 872 898 obliuio,
907 849 1071 889 uiuendi
1105 863 1153 888 ac
1186 849 1388 887 moriendi
1411 847 1594 895 scientia,
1626 847 1710 887 alta
1731 860 1869 886 rerum

241 924 366 976 quies.
429 923 616 962 omnium
650 922 822 973 quidem
856 926 1158 972 occupatorum
1192 919 1382 958 condicio
1416 919 1566 958 misera
1598 923 1682 965 est,
1726 930 1870 956 eorum

241 1002 382 1034 tamen
417 993 656 1039 miserrima,
690 993 758 1044 qui
791 1005 842 1030 ne
876 992 956 1030 suis
989 991 1159 1042 quidem
1191 990 1386 1029 laborant
1418 977 1782 1042 occupationibus,
1818 988 1872 1027 ad

242 1065 420 1104 alienum
455 1064 667 1103 dormiunt
699 1076 908 1108 somnum,
942 1063 995 1100 ad
1029 1061 1207 1100 alienum
1241 1060 1456 1100 ambulant
1489 1061 1688 1112 gradum,
1732 1071 1874 1098 amare

244 1142 284 1175 et
317 1136 466 1182 odisse,
500 1148 565 1173 res
598 1135 784 1172 omniurn
817 1132 1058 1180 liberrimas,
1092 1131 1295 1171 iubentur.
1341 1130 1381 1170 hi
1402 1131 1435 1171 si
1458 1130 1599 1170 uolent
1622 1130 1725 1170 scire
1747 1142 1872 1182 quam

209 1222 223 1245 5
244 1207 382 1245 breuis
414 1207 600 1258 ipsorum
634 1204 719 1243 uita
750 1204 813 1251 sit,
846 1204 1032 1255 cogitent
1065 1216 1119 1241 ex
1151 1209 1282 1254 quota
1313 1208 1431 1255 parte
1463 1215 1538 1241 sua
1568 1202 1631 1240 sit.

363 1276 458 1315 XX.
522 1275 627 1315 Cum
675 1275 825 1314 uideris
868 1275 1006 1326 itaque
1049 1279 1315 1325 praetextam
1358 1285 1484 1324 saepe
1526 1272 1606 1311 iam
1650 1276 1875 1323 sumptam,

245 1362 338 1387 cum
382 1346 546 1386 celebre
589 1347 627 1384 in
661 1345 752 1384 foro
786 1358 963 1393 nomen,
1005 1358 1057 1383 ne
1089 1344 1305 1383 inuideris:
1352 1344 1430 1383 ista
1472 1343 1581 1382 uitae
1613 1343 1769 1381 damno
1802 1354 1873 1393 pa-

245 1424 396 1457 rantur.
460 1423 502 1456 ut
535 1430 638 1456 unus
672 1416 725 1455 ab
759 1415 833 1454 illis
866 1420 1107 1454 numeretur
1139 1427 1281 1462 annus,
1314 1415 1450 1452 omnis
1483 1426 1614 1452 annos
1646 1426 1744 1451 suos
1776 1425 1874 1450 con-

246 1474 394 1528 terunt.
457 1488 666 1539 quosdam
716 1493 941 1538 antequam
992 1486 1030 1524 in
1081 1498 1291 1524 summum
1335 1483 1573 1523 ambitionis
1616 1483 1877 1530 eniterentur,

247 1560 351 1598 inter
403 1560 537 1611 prima
590 1558 781 1597 luctantis
823 1562 939 1596 aetas
982 1556 1151 1609 reliquit.
1215 1556 1423 1608 quosdam
1467 1568 1561 1594 curn
1603 1555 1643 1593 in
1685 1566 1877 1593 consum-

248 1631 477 1669 mationem
511 1629 723 1681 dignitatis
756 1642 829 1680 per
862 1627 972 1666 mille
1003 1626 1268 1678 indignitates
1291 1626 1552 1678 erepsissent,
1584 1625 1734 1664 misera
1755 1624 1880 1664 subiit

249 1702 447 1753 cogitatio
491 1700 705 1739 laborasse
746 1700 857 1752 ipsos
902 1700 940 1737 in
983 1698 1148 1738 titulum
1191 1697 1375 1750 sepulcri.
1439 1697 1704 1749 quorundam
1738 1696 1881 1736 ultima

249 1779 460 1819 senectus,
501 1772 601 1810 dum
635 1772 672 1810 in
707 1784 838 1809 nouas
871 1783 966 1822 spes
999 1775 1043 1808 ut
1075 1770 1242 1808 iuuenta
1268 1769 1528 1820 disponitur,
1570 1768 1675 1807 inter
1707 1772 1881 1806 conatus

251 1856 428 1894 magnos
462 1849 502 1882 et
536 1842 734 1894 inprobos
766 1841 946 1880 inualida
978 1839 1139 1879 defecit.
1204 1839 1352 1878 foedus
1386 1838 1468 1886 ille,
1501 1830 1630 1891 quem
1661 1839 1699 1877 in
1732 1837 1880 1877 iudicio
1907 1848 1912 1856 “

197 1931 211 1952 ·.
250 1928 326 1966 pro
370 1913 637 1965 ignotissimis
680 1912 956 1963 litigatoribus
999 1911 1202 1962 grandem
1246 1917 1344 1949 natu
1387 1916 1428 1949 et
1470 1910 1668 1963 inperitae
1700 1922 1882 1948 coronae

251 1985 523 2024 adsensiones
575 1989 814 2035 captantem
867 1983 1032 2035 spiritus
1086 1981 1210 2034 liquit.
1274 1981 1402 2033 turpis
1450 1980 1537 2029 ille,
1589 1981 1659 2032 qui
1702 1979 1881 2019 uiuendo

252 2056 383 2095 lassus
417 2055 532 2094 citius
565 2068 691 2106 quam
725 2054 958 2100 laborando
982 2053 1087 2092 inter
1109 2054 1195 2105 ipsa
1220 2051 1355 2092 officia
1378 2051 1600 2104 conlapsus
1623 2057 1695 2091 est.
1740 2051 1882 2103 turpis

253 2199 272 2229 “2
309 2197 370 2227 diis
398 2195 529 2239 Νε(ψ,;
561 2196 602 2227 di.
633 2195 681 2237 (in
710 2195 798 2236 ras.)
971 2194 991 2225 :3
1018 2205 1076 2224 nos
1104 2205 1121 2224 a
1148 2193 1339 2234 corporibus
1367 2192 1480 2237 Neap.
1510 2190 1569 2235 (cf.
1599 2190 1642 2224 (Ie
1669 2196 1769 2224 const
1807 2200 1883 2235 sap.

220 2316 222 2319 v
258 2282 309 2317 12»,
339 2282 376 2315 ’.ἒς
407 2289 484 2323 epp.
506 2280 560 2317 4⁴³,
588 2280 645 2314 113
676 2289 734 2308 nos
762 2288 778 2308 e
797 2278 987 2318 corporibus
1008 2274 1191 2321 Maduiq):
1221 2287 1279 2307 nos
1298 2259 1465 2317 {orporitn
1496 2276 1529 2316 (Ζ
1557 2273 1743 2314 incernam)

254 2361 271 2394 -i
303 2366 479 2402 componat
617 2346 715 2402 ‹luaip
859 2360 871 2393 ἶ
900 2360 1000 2391 solo*
1138 2360 1159 2391 8
1193 2360 1375 2400 uigentibus
1401 2359 1537 2399 genibus
1565 2355 1662 2390 Koch
1692 2356 1885 2397 (uigentibus

1096 2421 1106 2441 t

256 2457 400 2487 sensibus
429 2453 612 2499 Madm‘yss
642 2455 823 2495 uigentibus
969 2458 1136 2495 expectate
1287 2454 1324 2485 lt*
1357 2453 1422 2483 alta
1449 2450 1530 2485 olim
1558 2461 1674 2486 corn:
1704 2450 1768 2481 alia

262 2516 300 2548 1Ξῶ
338 2526 448 2546 amare
475 2519 502 2545 et
530 2515 638 2545 odisse
664 2525 712 2545 res
740 2512 956 2547 deteriores:
988 2513 1246 2544 amarietodisset
1273 2523 1320 2543 res
1442 2511 1485 2544 16
1511 2511 1657 2541 uideris-x-
1782 2508 1820 2542 li
1847 2519 1887 2540 ne

259 2575 288 2604 in
315 2574 431 2604 uideri<
458 2572 537 2605 cod.
564 2584 603 2604 ne
630 2574 781 2604 inuideris
804 2571 910 2606 Gertz
940 2571 1146 2606 dubitanter
1171 2582 1234 2602 non
1254 2571 1404 2601 inuideris
1422 2568 1529 2614 mllqo
1654 2569 1694 2601 lb*
1721 2572 1886 2600 conterunt

261 2632 387 2665 Gertz:
418 2637 582 2663 conterent
737 2632 772 2665 19
812 2637 983 2673 antequam
1010 2629 1177 2664 Fickert:
1208 2635 1280 2661 ante
1314 2634 1357 2662 esi
1504 2629 1721 2659 ambitionis-x-

258 2692 295 2725 21
340 2693 527 2733 erepsissent
556 2689 773 2724 Pincianus:
804 2691 977 2731 erupissent
1099 2690 1194 2720 subiit
1220 2686 1406 2722 Muretus:
1436 2689 1520 2719 subit
1642 2686 1685 2720 25
1721 2687 1889 2728 imperitae

828 2757 860 2773 as
1218 2745 1266 2771 ille

259 2785 476 2819 deteriores:
508 2786 648 2827 impedite
768 2786 811 2818 ΞΗ
840 2786 1002 2816 sensiones
1123 2784 1222 2825 turpis
1248 2787 1311 2824 «lue
1338 2781 1416 2816 cod.
1443 2780 1509 2815 sed
1534 2781 1720 2826 repetitum
1747 2780 1799 2811 ille
1826 2777 1888 2812 acl-

260 2844 402 2878 modum
431 2845 594 2887 displicet

1895 642 1914 674 {51

1898 923 1917 955 20

1909 1844 1927 1877 lv
