1977 3231
110 338 130 357 ⁶)

109 688 129 723 3

113 1816 132 1849 G

391 89 496 116 DIAL.
518 88 570 116 IX.
608 89 663 114 AD
685 87 872 114 SERENVM
892 87 945 112 DE
964 85 1315 119 TRANQVILLITATE
1335 85 1463 112 ANIMI.
1504 86 1546 112 12.
1691 87 1773 127 213

154 191 253 239 post
285 184 462 225 multum
493 185 691 224 sudorem
725 184 1026 236 intellegemus.
1087 183 1128 222 id
1161 188 1235 231 est,
1266 196 1318 222 ne
1350 187 1421 222 aut
1451 180 1572 221 labor
1607 180 1772 231 [inritus]

155 256 206 296 sit
247 257 334 296 sine
375 255 525 295 effectu
567 262 637 295 aut
679 255 849 295 effectus
892 254 1036 294 labore
1077 252 1277 305 indignus,
1341 251 1426 292 fere
1470 253 1579 291 enim
1622 265 1676 290 ex
1714 251 1777 290 his

156 327 317 366 tristitia
346 326 541 379 sequitur,
573 326 605 365 si
637 332 708 365 aut
740 339 824 365 non
855 326 1051 365 successit
1080 329 1151 364 aut
1172 337 1386 364 successus
1408 323 1550 376 pudet.
1603 322 1775 361 circum-

156 397 334 437 cidenda
371 396 653 445 concursatio,
696 395 826 449 qualis
859 402 922 435 est
955 408 1133 447 magnae
1164 395 1271 446 parti
1301 393 1518 433 hominum
1551 393 1704 432 domos
1736 398 1778 431 et

155 467 318 507 theatra
349 473 391 506 et
421 466 512 507 fora
542 468 855 520 pererrantium.
917 465 1056 505 alienis
1088 478 1132 504 se
1164 465 1341 516 negotiis
1373 466 1570 512 offerunt,
1613 476 1778 516 semper
1799 475 1812 498 ὀ

155 537 307 590 aliquid
349 537 567 589 agentibus
609 536 770 577 similes.
832 537 984 576 horum
1025 535 1058 575 si
1100 535 1277 587 aliquem
1321 541 1548 575 exeuntem
1591 548 1614 573 e
1647 534 1778 573 domo

154 609 498 660 interrogaueris:
545 622 628 661 quo
670 610 740 647 tu?
790 608 888 660 quid
921 608 1106 659 cogitas?
1150 605 1419 658 respondebit
1451 605 1549 645 tibi:
1595 619 1679 644 non
1712 618 1780 644 me

155 677 342 718 hercules
383 679 494 719 scio:
551 679 626 718 sed
669 678 828 731 aliquos
870 677 1045 726 uidebo,
1089 676 1241 729 aliquid
1283 689 1417 728 agam.
1490 676 1577 715 sine
1625 689 1778 729 propo-

154 749 234 789 sito
275 755 478 801 uagantur
519 754 766 802 quaerentes
808 749 976 801 negotia
1018 761 1095 787 nec
1135 761 1241 800 quae
1285 747 1596 787 destinauerunt
1638 752 1779 799 agunt,

154 820 230 860 sed
272 820 311 859 in
352 833 460 872 quae
501 821 816 859 incucurrerunt.
879 817 1134 858 inconsultus
1171 817 1245 857 illis
1283 831 1495 870 uanusque
1534 831 1675 857 cursus
1707 823 1781 866 est,
1805 825 1834 850 ¹0

155 890 285 943 qualis
317 889 498 929 formicis
530 903 605 942 per
637 890 805 929 arbusta
838 889 1088 942 repentibus,
1127 902 1235 941 quae
1267 889 1306 927 in
1338 901 1548 928 summum
1583 901 1781 927 cacumen

156 967 198 1001 et
229 961 325 1000 inde
358 962 396 1000 in
428 961 557 1000 imum
589 961 731 1000 inanes
759 966 962 1013 aguntur:
998 959 1061 999 his
1082 959 1266 1013 plerique
1289 958 1465 998 similem
1489 960 1618 999 uitam
1641 964 1783 1011 agunt,

155 1045 332 1084 quorum
365 1045 450 1071 non
482 1032 674 1072 inmerito
707 1033 797 1084 quis
830 1033 1055 1084 inquietam
1088 1032 1280 1070 inertiam
1303 1030 1482 1069 dixerit..
1518 1030 1781 1082 quorundam

154 1102 270 1155 quasi
313 1103 368 1142 ad
411 1102 646 1142 incendium
691 1103 939 1142 currentium
983 1101 1268 1141 misereberis:
1316 1114 1446 1153 usque
1489 1114 1540 1140 eo
1584 1100 1783 1153 inpellunt

155 1173 307 1213 obuios
349 1178 391 1212 et
431 1185 476 1211 se
518 1171 704 1224 aliosque
746 1172 1041 1225 praecipitant,
1085 1185 1178 1211 cum
1220 1171 1384 1211 interim
1417 1177 1682 1210 cucurrerunt
1713 1176 1783 1210 aut
1807 1179 1835 1203 ¹5

155 1243 365 1283 salutaturi
396 1242 575 1296 aliquem
608 1256 693 1282 non
725 1242 1044 1282 resalutaturum
1078 1248 1148 1282 aut
1179 1241 1298 1281 funus
1327 1242 1458 1294 ignoti
1486 1241 1664 1281 hominis
1685 1255 1780 1295 pro-

155 1315 353 1362 secuturi,
396 1319 466 1353 aut
507 1313 571 1352 ad
610 1314 803 1371 iudicium
845 1327 971 1366 saepe
1003 1313 1198 1365 litigantis
1231 1318 1301 1352 aut
1333 1313 1387 1352 ad
1419 1312 1629 1365 sponsalia
1659 1326 1784 1364 saepe

157 1384 370 1432 nubentis,
403 1390 461 1424 ‘et
502 1383 694 1424 lecticam
738 1385 943 1424 adsectati
984 1383 1237 1436 quibusdam
1278 1382 1380 1423 locis
1423 1385 1549 1424 etiam
1591 1383 1783 1423 tulerunt.

158 1456 254 1495 dein
295 1455 470 1494 domum
512 1468 605 1494 cum
645 1468 902 1507 superuacua
934 1455 1157 1495 redeuntes
1190 1454 1431 1494 lassitudine
1462 1455 1596 1494 iurant
1628 1455 1785 1493 nescire

157 1539 202 1566 se
234 1527 358 1579 ipsos,
389 1539 517 1578 quare
547 1527 735 1574 exierint,
769 1525 838 1566 ubi
868 1525 1027 1573 fuerint,
1060 1531 1233 1577 postero
1257 1525 1324 1564 die
1346 1525 1516 1564 erraturi
1537 1538 1612 1577 per
1635 1525 1785 1564 eadem
1806 1531 1838 1555 ‘20

157 1596 226 1636 illa
256 1597 447 1647 uestigia.
510 1597 644 1636 omnis
676 1597 815 1649 itaque
846 1595 966 1636 labor
998 1595 1135 1648 aliquo
1169 1595 1380 1643 referatur,
1413 1593 1550 1647 aliquo
1583 1595 1785 1647 respiciat.

158 1681 242 1706 non
274 1667 477 1706 industria
507 1668 727 1718 inquietos,
759 1667 836 1706 sed
867 1668 1034 1706 insanos
1066 1665 1192 1706 falsae
1224 1679 1360 1705 rerum
1391 1665 1592 1717 imagines
1615 1667 1787 1717 agitant.

159 1751 256 1777 nam
289 1750 340 1776 ne
371 1736 423 1776 illi
457 1738 627 1790 quidem
655 1738 741 1777 sine
771 1737 907 1790 aliqua
928 1751 1002 1790 spe
1025 1743 1272 1777 mouentur:
1309 1737 1485 1789 proritat
1507 1735 1598 1776 illos
1621 1735 1788 1775 alicuius

160 1809 215 1848 rei
257 1808 438 1861 species,
481 1809 593 1847 cuius
637 1810 863 1848 uanitatem
907 1814 1031 1860 capta
1076 1821 1194 1847 mens
1235 1821 1319 1847 non
1365 1807 1562 1859 coarguit.
1635 1807 1787 1846 eodem

161 1879 291 1918 modo
333 1892 672 1932 unumquemque
715 1892 771 1918 ex
812 1878 897 1928 his,
940 1880 1009 1931 qui
1052 1879 1106 1918 ad
1145 1877 1382 1930 augendam
1420 1877 1586 1918 turbam
1619 1882 1787 1926 exeunt,
1807 1883 1840 1909 ‘25

165 2043 179 2076 l
208 2043 359 2074 sudorem
387 2043 610 2085 intellegemus
640 2041 767 2077 Gertz:
797 2044 955 2085 pudorem
982 2043 1206 2084 intellegamus
1305 2043 1415 2073 inritus
1441 2040 1587 2076 induxit
1613 2039 1764 2085 llladue'q
1779 2053 1786 2077 ;

279 2102 299 2136 2
326 2103 394 2133 sine
420 2102 534 2133 effectu
559 2100 658 2146 quod
678 2100 784 2136 Gertz
813 2099 938 2135 tollere
964 2100 1116 2135 malebat
1137 2099 1381 2145 necessarium
1400 2104 1452 2134 est
1468 2104 1620 2145 proplcr
1639 2109 1790 2144 sequens

161 2161 291 2192 effectus
412 2160 431 2194 9
458 2164 624 2202 querentes
744 2171 803 2192 nec
821 2171 903 2202 quae
922 2158 1140 2193 deteriores:
1169 2170 1243 2200 neq;
1373 2158 1414 2192 10
1440 2159 1680 2190 incucurrerunt
1700 2157 1790 2199 cod„

160 2219 241 2252 ilem
268 2217 409 2258 Haase,
436 2219 632 2250 incurrerunt
658 2217 767 2263 uulqo
890 2218 931 2252 Γ.)
959 2224 987 2250 et
1014 2219 1088 2249 inde
1107 2215 1185 2252 cod.
1206 2218 1324 2249 deinde
1341 2215 1450 2262 uulqo
1573 2216 1614 2250 ’13
1642 2217 1790 2248 inertiam

364 2285 390 2301 m

164 2312 196 2346 T
193 2312 325 2347 arm's.:
354 2313 502 2356 ineritam
660 2311 699 2346 14
734 2312 938 2344 misereberis
965 2310 1044 2346 cod.
1072 2314 1107 2346 et
1131 2315 1272 2346 ueteres
1297 2309 1470 2345 editiones
1495 2311 1654 2342 misereris
1680 2309 1762 2355 Be'p.
1772 2312 1790 2353 ¹,

160 2369 319 2412 Fickert,
330 2370 458 2406 Haase
475 2381 554 2405 cum
572 2370 768 2405 sententiae
787 2369 917 2404 damno
1011 2370 1051 2404 17
1071 2374 1124 2402 aut
1142 2371 1185 2401 ad
1202 2370 1355 2402 iudicium
1374 2379 1466 2403 unus
1481 2367 1716 2403 deteriorwn:
1739 2374 1791 2400 aut

160 2431 313 2463 iudicium
432 2429 472 2463 19
492 2430 566 2462 dein
584 2428 662 2464 cod.
682 2430 800 2461 deinde
819 2427 928 2474 uzclyo
1043 2429 1202 2461 redeuntis
1306 2428 1429 2460 nescire
1446 2438 1479 2459 se
1497 2428 1584 2469 ipsos
1603 2426 1791 2461 Nulzllorn

160 2512 261 2558 apud
285 2511 532 2558 Madue'yz'um:
558 2511 664 2544 ’nescis
690 2522 724 2544 se
749 2513 837 2553 ipsos
862 2509 941 2546 cod.
968 2511 1108 2543 nescisse
1133 2521 1167 2542 se
1199 2511 1286 2552 ipsos
1321 2508 1430 2554 uulqo
1576 2509 1620 2542 ‘20
1654 2493 1791 2542 exierint

278 2572 333 2603 ubi
361 2571 411 2614 (2⁶72
437 2571 525 2613 ras.)
659 2570 703 2604 22
730 2571 899 2612 inquietos,
926 2570 982 2602 sed
1008 2570 1138 2601 insanos
1164 2567 1218 2602 E¹
1245 2570 1404 2611 inquietos
1429 2575 1458 2600 et
1483 2569 1614 2600 insanos
1641 2565 1791 2612 Madm'q

162 2632 331 2673 inquietos
358 2635 390 2661 ut
417 2631 546 2662 insanos
567 2627 686 2664 Gertz:
716 2630 854 2672 inqetos.
889 2633 919 2660 et
945 2630 1075 2660 insanos
1094 2626 1171 2662 cod.
1203 2626 1248 2661 In
1266 2625 1415 2661 Erasmz·
1428 2627 1612 2672 scriptura
1631 2626 1790 2671 acquies-

141 2699 243 2728 ,cere
269 2688 368 2731 licet,
394 2687 499 2723 modo
526 2692 726 2730 teneamus,
760 2686 902 2722 eosdem
928 2686 1087 2722 homines
1112 2685 1261 2720 uocibus
1287 2687 1445 2729 inquietos
1471 2690 1504 2720 ec
1529 2687 1659 2717 insanos
1684 2685 1790 2730 siqni-

158 2747 287 2792 ficarz‘3
322 2758 414 2793 quae
439 2747 628 2792 utriusque
654 2746 755 2782 uocis
781 2745 831 2781 ad
855 2745 996 2781 eosdem
1024 2744 1151 2780 relacio
1176 2755 1264 2779 sane
1289 2745 1393 2780 etiam
1421 2744 1534 2792 maqz's
1561 2743 1734 2788 eluceret,
1761 2743 1795 2778 εἰ

161 2805 344 2857 particula
369 2807 426 2839 sed
453 2805 594 2842 abesset
713 2805 758 2840 ‘211
784 2806 960 2838 uanitatem
990 2803 1062 2838 Εἲς
1090 2805 1233 2843 uanitate
