1977 3231
386 146 488 172 [ΗΑΒ.
511 146 558 172 Vl.
601 146 651 171 Al)
676 147 861 171 MARUAM
886 147 935 171 m:
956 145 1275 172 coNsffluxTIoNE.
1315 147 1340 172 3,
1368 146 1387 172 1.
1411 147 1435 172 5.
1641 147 1716 186 125

102 243 232 291 faciat,
265 242 434 282 meliore
467 256 599 296 pones
631 242 737 290 loco,
771 244 802 282 si
835 243 955 282 matri
987 256 1084 282 suae
1115 242 1244 295 qualis
1276 242 1392 282 uiuus
1413 240 1587 289 solebat,
1620 240 1718 279 hila·

100 317 234 367 risque
267 319 308 352 et
340 326 432 352 curn
467 313 621 363 gaudio
654 319 852 353 occurret.

60 389 73 422 l
218 384 278 423 IV
341 383 431 423 Nec
462 389 505 422 te
537 384 591 423 ad
624 383 794 423 fortiora
827 385 976 423 ducam
1009 389 1251 436 praecepta,
1285 389 1328 422 ut
1359 382 1586 422 inhumano
1618 381 1722 422 ferre

100 455 282 494 humana
315 454 479 493 iubeam
514 455 655 501 modo,
688 461 732 494 ut
765 455 854 507 ipso
887 454 1046 494 funebri
1079 454 1146 493 die
1174 453 1317 493 oculos
1350 455 1491 493 matris
1523 453 1722 493 exiccem.

101 527 154 565 ad
187 525 386 565 arbitrum
410 531 548 564 tecum
572 526 759 564 ueniam:
796 525 878 564 hoc
899 525 1003 564 inter
1025 538 1101 564 nos
1123 531 1353 577 quaeretur,
1387 531 1523 563 utrum
1547 536 1723 575 magnus
1744 535 1757 558 5

101 596 224 636 dolor
256 609 346 636 esse
379 595 533 635 debeat
565 609 616 634 an
648 602 884 649 perpetuus.
936 609 1020 634 non
1053 595 1199 634 dubito
1229 596 1325 647 quin
1347 595 1470 634 Iuliae
1492 593 1724 646 Augustae,

54 672 74 704 2
101 681 226 720 quam
260 666 510 706 familiariter
542 667 711 714 coluisti,
746 667 878 718 magis
910 666 983 706 tibi
1015 665 1177 718 placeat
1210 665 1478 719 exemplum:
1514 664 1580 704 illa
1607 671 1648 704 te
1671 665 1724 703 ad

99 752 217 778 suum
261 738 474 777 consilium
514 745 648 778 uocat.
710 737 775 777 illa
807 738 845 776 in
877 738 1011 789 primo
1044 736 1225 784 feruore,
1269 750 1362 776 cum
1396 736 1580 775 maxime
1611 736 1723 788 inpa-

100 809 249 848 tientes
281 807 523 861 ferocesque
555 815 648 848 sunt
681 809 879 856 miseriae,
912 807 1210 847 consolandam
1242 821 1286 846 se
1310 806 1439 854 Areo,
1471 804 1725 859 philosopho

103 879 172 918 uiri
215 879 298 926 sui,
341 879 529 932 praebuit
562 886 603 919 et
635 879 811 918 multum
845 893 937 918 eam
970 892 1058 918 rem
1090 877 1292 931 profuisse
1323 877 1399 917 sibi
1432 876 1621 917 confessa
1653 882 1726 923 est,
1751 885 1779 909 10

102 949 192 1002 plus
224 963 349 1002 quam
382 949 581 1002 populum
614 950 878 998 Romanum,
911 963 1036 1003 quem
1069 949 1241 989 nolebat
1273 949 1431 988 tristem
1463 947 1624 987 tristitia
1655 960 1728 986 sua

104 1020 249 1069 facere,
281 1021 373 1073 plus
406 1034 531 1073 quam
564 1021 817 1072 Augustum,
849 1021 917 1073 qui
949 1020 1156 1060 subducto
1188 1019 1318 1059 altero
1351 1017 1601 1063 adminiculo
1633 1018 1725 1057 titu-

104 1092 233 1131 babat
274 1104 351 1131 nec
392 1091 503 1131 luctu
545 1105 713 1131 suorum
756 1091 1010 1132 inclinandus
1055 1098 1162 1139 erat,
1214 1090 1305 1144 plus
1347 1103 1472 1142 quam
1515 1089 1727 1128 Tiberium

105 1162 243 1210 filium,
276 1162 387 1202 cuius
419 1163 552 1215 pietas
584 1162 809 1211 efficiebat,
842 1169 886 1202 ut
917 1163 957 1201 in
988 1161 1056 1201 illo
1088 1162 1241 1201 acerbo
1275 1167 1315 1200 et
1349 1159 1504 1200 defleto
1537 1159 1728 1211 gentibus

104 1233 244 1273 funere
286 1233 383 1272 nihil
424 1233 499 1272 sibi
540 1234 616 1272 nisi
657 1247 874 1273 numerum
918 1234 1065 1272 deesse
1107 1233 1288 1271 sentiret.
1359 1231 1443 1278 hic,
1487 1239 1529 1270 ut
1568 1230 1728 1282 opinor,
1751 1238 1781 1262 ¹5

58 1236 76 1267 e:

105 1305 238 1344 aditus
271 1303 322 1343 illi
356 1302 438 1352 fuit,
471 1303 554 1343 hoc
584 1304 827 1356 principium
860 1303 970 1356 apud
1003 1303 1199 1342 feminam
1233 1302 1437 1356 opinionis
1469 1314 1566 1340 suae
1596 1307 1730 1339 custo-

107 1376 204 1415 dem
239 1374 620 1426 diligentissimam:
669 1388 798 1427 usque
829 1375 869 1414 in
901 1374 1010 1414 hunc
1041 1374 1163 1422 diem,
1196 1373 1305 1421 Iulia,
1338 1378 1539 1425 quantum
1563 1371 1731 1424 quidem

108 1459 188 1498 cgo
221 1446 359 1493 sciam,
393 1447 589 1485 adsiduus
622 1446 694 1485 uiri
726 1446 783 1485 tui
815 1459 969 1493 comes,
1003 1446 1066 1485 cui
1097 1459 1182 1485 non
1215 1450 1378 1484 tantum
1410 1456 1517 1495 quae
1539 1443 1578 1481 in
1600 1441 1731 1494 publi-

109 1530 202 1556 cum
236 1517 478 1556 emittuntur
510 1523 620 1564 nota,
652 1517 727 1556 sed
761 1530 907 1556 omnes
936 1522 1030 1555 sunt
1053 1516 1295 1555 secretiores
1317 1515 1548 1554 animorum
1573 1518 1731 1551 uestro-

105 1601 194 1627 rum
238 1593 398 1635 motus,
443 1587 592 1627 dedisti
632 1600 826 1640 operam,
868 1600 920 1626 ne
952 1586 1048 1639 quid
1082 1592 1191 1626 esset
1223 1586 1339 1638 quod
1370 1586 1409 1624 in
1441 1590 1483 1623 te
1515 1585 1731 1636 quisquam
1752 1590 1785 1615 ‘20

58 1658 76 1691 4
105 1659 383 1711 reprenderet.
438 1671 514 1697 nec
546 1658 587 1697 id
619 1657 658 1696 in
691 1657 914 1697 maioribus
947 1657 1077 1697 modo
1110 1657 1354 1703 obseruasti,
1386 1656 1461 1694 sed
1484 1655 1522 1693 in
1545 1654 1733 1700 minimis,

105 1742 156 1768 ne
188 1729 286 1780 quid
319 1727 492 1776 faceres,
525 1729 587 1767 cui
619 1727 796 1776 famam,
828 1728 1080 1767 liberrimam
1112 1727 1341 1781 principum
1375 1726 1574 1773 iudicem,
1607 1724 1733 1763 uelles

104 1801 331 1852 ignoscere.
394 1812 470 1838 nec
521 1801 742 1852 quicquam
793 1798 1000 1852 pulchrius
1052 1799 1247 1837 existimo
1299 1811 1423 1850 quam
1477 1797 1515 1834 in
1567 1808 1733 1834 summo

106 1869 269 1921 fastigio
312 1870 555 1909 conlocatos
598 1869 819 1909 multarum
857 1883 995 1909 rerum
1028 1869 1190 1908 ueniam
1224 1869 1344 1916 dare,
1387 1867 1531 1907 nullius
1564 1873 1729 1919 petere:

106 1941 332 1980 seruandus
374 1941 512 1993 itaque
553 1940 625 1980 tibi
669 1941 708 1979 in
750 1940 829 1979 hac
871 1953 1038 1992 quoque
1080 1954 1124 1979 re
1165 1945 1258 1978 tuus
1301 1952 1394 1978 mos
1426 1944 1510 1985 est,
1554 1951 1604 1975 ne
1637 1936 1733 1988 quid
1755 1944 1787 1967 ‘25

108 2012 361 2059 committas,
394 2012 508 2064 quod
542 2011 674 2050 minus
708 2010 877 2050 aliterue
909 2010 1063 2050 factum
1098 2010 1207 2050 uelis.

67 2083 80 2116 l
226 2082 279 2122 V.
342 2082 506 2121 Deinde
549 2096 623 2121 oro
667 2087 791 2134 atque
834 2081 1032 2129 obsecro,
1085 2095 1136 2120 ne
1178 2087 1219 2120 te
1262 2078 1468 2119 difficilem
1512 2078 1652 2117 amicis
1694 2084 1736 2117 et

109 2152 411 2193 intractabilem
453 2159 650 2206 praestes.
720 2166 804 2192 non
846 2158 909 2192 cst
952 2153 1060 2192 enim
1103 2152 1217 2205 quod
1260 2152 1426 2203 ignores
1469 2163 1616 2189 omncs
1658 2148 1735 2187 hos

234 2306 240 2338 l
274 2305 447 2346 hilarisque
474 2303 671 2338 deteriores
691 2303 824 2348 pauci:
854 2305 964 2335 hilaris
990 2316 1086 2345 quain
1208 2304 1227 2336 '2
1255 2306 1401 2334 occurret
1430 2300 1569 2335 [laasez
1599 2302 1736 2332 occurrit

223 2367 242 2395 .·;
270 2365 446 2394 inhumano
476 2361 656 2396 silurelus:
686 2364 830 2394 humano
963 2363 981 2393 ἴ)
1009 2363 1049 2393 nd
1077 2363 1230 2393 arbitrum
1261 2360 1458 2394 (lelc'rl'm’cs
1480 2359 1665 2405 plerique:
1696 2361 1735 2390 ad

113 2424 279 2454 arbitrium
307 2421 385 2457 cod.
413 2420 512 2466 quod
536 2432 605 2454 non
633 2420 782 2456 debebat
809 2420 1006 2465 defendere
1035 2421 1140 2455 Gertz
1293 2420 1312 2453 {l
1340 2418 1532 2451 consular-ed
1556 2418 1634 2452 cad.
1661 2430 1737 2449 con-

113 2483 283 2513 solandam
310 2493 342 2512 se
367 2484 454 2513 Areo
482 2479 631 2523 Madaro
658 2481 854 2512 consolatori
883 2492 916 2512 se
942 2483 1028 2511 Areo
1059 2479 1180 2513 Haase
1204 2491 1237 2511 se
1263 2479 1497 2510 consolandam
1527 2480 1611 2508 Areo
1633 2476 1738 2509 Furio

232 2540 431 2581 philosopho
459 2539 675 2573 deteriores:
705 2540 916 2582 philosophio
1062 2540 1099 2571 1⁴1»
1125 2540 1251 2580 prebuit
1381 2539 1483 2570 muln-1
1513 2533 1618 2584 meam

123 2599 153 2632 li
185 2599 311 2640 pietalis
440 2599 475 2631 if)
501 2599 601 2630 nichil
738 2598 778 2631 16
805 2604 879 2640 aput
1004 2598 1039 2632 li
1072 2599 1352 2640 dilIgentissimam
1388 2596 1586 2630 delerl'ores
1609 2595 1734 2639 Jtmlt'l':

115 2659 395 2699 diligentissimum
533 2657 576 2691 22
605 2658 802 2688 liberrimam
831 2656 905 2690 [δὴ
944 2658 1139 2688 uberrimam
1278 2658 1319 2689 225
1347 2667 1410 2697 qua
1437 2665 1530 2689 corr,
1557 2663 1621 2696 qua

1094 2723 1110 2738 ll

117 2752 160 2785 ‘24
188 2752 367 2784 collocatos
393 2750 558 2785 Fickert:
589 2751 766 2783 collocatas
888 2751 930 2784 25
955 2752 1123 2783 seruandis
1151 2753 1173 2792 <i
1202 2749 1333 2784 lineola
1360 2747 1491 2790 deleta)
1605 2759 1643 2779 ne
1669 2748 1738 2789 quis

118 2808 424 2852 (quid'deceriores
444 2808 624 2854 plerique)
653 2811 813 2844 comittas.
841 2810 928 2851 quod
956 2811 1058 2841 minus
1086 2808 1176 2849 cod.⁷
1204 2819 1274 2854 quo
1300 2811 1488 2847 conruunt,
1516 2817 1609 2851 quac
1630 2803 1735 2843 Gertz

119 2868 319 2913 disputasti!
345 2870 516 2913 deceptus
539 2868 638 2912 falsu
666 2867 829 2902 Fe‘clfertz·
853 2868 986 2902 indicio
