2008 3221
152 171 192 197 lv
636 146 859 179 PRAEFATIO
881 138 1080 170 lOHANNlS
1101 133 1290 162 VAHLENI.

158 261 448 306 Ambrosiano
492 268 540 293 ea
582 251 741 291 ratione
783 255 878 282 usus
921 243 1031 283 erat,
1074 245 1180 286 quae
1222 229 1298 281 ipsi
1335 225 1528 278 quidem,
1571 218 1791 273 praecipue

160 339 315 382 recenti
349 350 372 375 a
404 330 667 387 pervolutato
709 321 875 364 codice,
919 296 1155 354 satisfacere
1197 310 1364 359 posset,
1417 301 1493 341 sed
1533 297 1603 350 qui
1644 299 1795 348 postea

162 416 396 458 accederet,
429 420 523 448 eum
556 416 640 444 non
672 402 817 452 posset
849 405 931 433 non
966 384 1268 428 molestissimis
1302 374 1632 420 dubitationibus
1664 372 1794 422 impe-

164 495 261 534 dire.
327 488 448 540 Quae
492 495 586 522 cum
629 479 685 517 ita
728 477 886 517 essent,
928 464 1112 507 intellexi
1151 460 1340 500 laborem
1373 453 1473 494 mihi
1505 449 1638 491 multo
1671 458 1797 499 quam

166 573 437 622 expectaram
471 556 716 610 ampliorem
749 555 892 589 natum
915 546 1233 595 impensamque
1255 531 1457 585 temporis
1479 526 1641 579 requiri,
1673 535 1800 576 quam

167 646 264 686 mihi
308 643 409 682 meis
452 634 631 686 negotiis
664 642 748 668 non
779 622 939 675 vulgari
973 618 1104 658 modo
1136 612 1360 665 negotioso
1392 608 1433 646 in
1465 603 1633 645 edendo
1666 600 1801 639 alieno

167 723 272 763 libro
308 718 443 757 facere
477 724 601 763 aegre
635 714 879 746 concessum
914 703 1013 737 erat.
1078 694 1244 732 Tamen
1285 686 1414 726 fidem
1448 680 1651 721 amicitiae
1685 677 1803 715 dese-

170 812 260 839 rere
293 793 404 833 nolui
436 799 640 843 spemque
672 782 827 822 irritam
850 776 1027 816 reddere
1050 782 1177 823 quam
1200 768 1288 818 ipse
1310 759 1501 802 Kochius
1524 766 1620 795 ante
1643 752 1806 792 obitum

173 876 434 924 conceperat,
466 867 498 905 si
530 865 583 904 ab
617 859 812 900 inchoato
846 864 973 906 opere
1003 844 1304 888 discedendum
1328 842 1451 883 esset,
1483 834 1570 873 fore
1593 836 1638 870 ut
1658 828 1808 868 librum

174 950 325 990 orbum
370 958 450 996 ego
494 951 633 980 meam
676 937 715 974 in
756 930 930 972 tutelam
972 924 1251 975 susciperem,
1307 929 1356 955 ac
1404 911 1603 952 dolebam
1646 911 1809 945 tantum

176 1039 297 1067 curae
329 1036 377 1062 ac
410 1018 646 1070 diligentiae
677 1013 717 1052 in
749 1003 1018 1049 emendando
1042 1001 1124 1040 hoc
1147 996 1350 1047 scriptore
1373 992 1589 1041 sumptum
1612 979 1813 1022 oblivioni

179 1104 267 1144 dari
299 1108 340 1140 et
372 1098 670 1138 infructuosum
703 1090 847 1131 iacere,
881 1081 949 1135 qui
980 1074 1225 1133 praesertim
1257 1069 1370 1110 haud
1402 1067 1655 1118 ignorarem,
1687 1068 1815 1110 quam

179 1187 345 1220 strenue
375 1189 423 1215 ac
445 1184 577 1226 paene
600 1166 757 1208 fervide
778 1159 968 1201 Kochius
991 1152 1190 1195 extremis
1215 1149 1326 1188 vitae
1348 1143 1464 1184 annis
1487 1138 1818 1191 aggravescente

181 1260 263 1297 iam
307 1252 458 1293 morbo
502 1248 541 1288 id
575 1256 747 1298 operam
783 1239 991 1282 dedisset,
1035 1237 1080 1270 ut
1113 1228 1275 1269 Seneca
1306 1222 1476 1275 quidem
1509 1214 1744 1256 studiorum
1778 1214 1820 1247 et
1872 1212 1881 1225 '

183 1331 333 1385 ingenii
365 1328 425 1368 sui
449 1327 750 1366 documentum
774 1318 940 1355 extaret
961 1323 1045 1350 non
1069 1306 1307 1356 indignum,
1344 1296 1631 1338 emolumenta
1653 1298 1821 1341 quoque

186 1407 436 1462 reputabam
470 1414 576 1455 quae
609 1412 663 1438 ex
697 1395 811 1435 edito
843 1391 950 1430 libro
983 1387 1036 1426 ad
1069 1380 1311 1435 superstites
1347 1376 1433 1415 eius
1456 1371 1639 1411 reditura
1660 1368 1820 1409 essent,

188 1488 456 1535 maximeque
508 1475 736 1526 intelligere
777 1467 972 1513 videbar,
1026 1459 1213 1501 adhibita
1255 1467 1382 1495 manu
1426 1443 1660 1489 correctrici
1701 1451 1828 1493 posse

190 1565 288 1610 fieri,
322 1568 366 1600 ut
397 1559 500 1597 haec
533 1553 671 1599 editio,
703 1561 809 1601 quae
831 1538 1105 1597 Ambrosiani
1138 1529 1392 1584 exemplaris
1424 1521 1662 1565 testimonia
1695 1515 1829 1557 multo

193 1653 317 1693 quam
365 1641 461 1675 ante
503 1630 661 1685 plenius
704 1632 745 1666 et
787 1619 1017 1662 accuratius
1060 1611 1292 1668 perscripta
1333 1608 1496 1645 teneret
1538 1595 1832 1649 scriptorisque

196 1717 429 1757 orationem
473 1722 557 1749 non
600 1718 693 1745 raro
728 1696 976 1741 dubitationi
1008 1689 1243 1732 obnoxiam
1278 1684 1380 1724 scite
1413 1676 1597 1718 collectis
1630 1667 1835 1721 exemplis

199 1793 452 1835 declararet,
500 1787 563 1825 liis
607 1775 914 1833 cognoscendis
957 1778 997 1811 et
1042 1762 1323 1822 perpoliendis
1366 1757 1554 1798 Senecae
1598 1749 1709 1789 libris
1752 1757 1836 1784 non

199 1872 343 1911 leviter
386 1865 618 1919 prodesset.
681 1858 826 1907 Itaque
869 1856 1059 1904 paratum
1105 1850 1146 1883 et
1189 1835 1473 1890 compositum
1513 1843 1537 1869 a
1569 1825 1737 1866 Kochio
1780 1823 1837 1860 in-

202 1950 480 1987 strumentum
525 1938 711 1978 criticum
750 1927 984 1971 ordinando
1018 1919 1247 1963 recidendo
1280 1909 1477 1953 addendo
1511 1906 1562 1946 ad
1597 1900 1841 1942 habiliorem

204 2028 405 2067 formam,
438 2025 481 2057 ut
514 2014 648 2069 potui,
681 2010 871 2060 redigere
903 2001 1065 2043 studui:
1103 2002 1145 2036 et
1175 1990 1377 2046 imprimis
1408 1985 1579 2039 quidem
1613 1976 1745 2019 ordini
1768 1987 1843 2013 no-

208 2111 356 2146 tarum,
391 2096 503 2136 cuius
537 2103 690 2142 magna
722 2087 781 2126 vis
814 2091 877 2123 est
908 2083 949 2120 in
970 2079 1034 2117 his
1057 2065 1414 2115 commentariolis
1437 2059 1615 2104 minutis,
1650 2050 1847 2096 consului,

210 2178 334 2218 recidi
378 2180 517 2213 autem
557 2164 794 2221 quisquilias
837 2158 988 2199 multas
1035 2168 1057 2193 e
1090 2150 1235 2190 codice
1278 2147 1490 2186 enotatas,
1534 2144 1710 2188 quarum
1745 2127 1848 2167 utili-

212 2264 345 2295 tatem
380 2249 534 2289 nullam
569 2245 828 2297 dispicerem,
862 2234 1082 2288 praecipue
1114 2222 1320 2266 nonnullis
1354 2214 1561 2259 scribendi
1595 2216 1666 2250 aut
1688 2204 1852 2247 errandi

215 2329 437 2383 generibus
471 2327 508 2365 in
542 2324 619 2369 illa,
652 2331 777 2372 quam
811 2315 916 2353 libro
939 2323 1013 2350 suo
1045 2301 1360 2359 praefigendam
1386 2295 1522 2334 editor
1546 2286 1853 2341 perscripserat,

218 2411 270 2447 ‹le
305 2406 449 2445 codice
485 2394 785 2440 Mediolanensi
819 2385 1188 2430 commentatione,
1220 2374 1461 2418 summatim
1501 2362 1768 2416 disceptati53
1816 2362 1856 2395 et

220 2494 362 2526 tamen
399 2480 463 2519 vel
496 2479 553 2517 sic
585 2474 716 2514 multa
748 2470 889 2511 relicta
921 2469 1034 2510 sunt,
1067 2472 1174 2513 quae
1207 2457 1239 2495 si
1272 2466 1336 2493 res
1368 2449 1491 2502 plane
1524 2447 1685 2493 integra
1716 2436 1859 2476 fuisset

223 2567 292 2600 aut
328 2558 427 2598 milii
461 2555 562 2595 meis
595 2548 823 2592 rationibus
857 2543 1029 2583 omnino
1063 2548 1188 2589 agere
1219 2531 1411 2574 licuisset,
1444 2521 1569 2563 nihilo
1599 2517 1733 2567 magis
1754 2509 1859 2551 tole-

226 2638 449 2685 raxissem·7
488 2633 561 2670 sed
597 2628 770 2668 modum
805 2618 1049 2674 imponebat
1082 2612 1198 2666 quod
1231 2609 1323 2648 illae
1345 2608 1544 2657 quattuor
1566 2592 1759 2649 plagulae
1781 2589 1863 2627 iam

228 2713 339 2765 typis
386 2720 611 2761 expressae
655 2709 791 2747 erant,
835 2698 912 2736 alia
955 2690 1294 2740 subterfugerunt
1338 2676 1669 2731 imprudentem,
1712 2671 1783 2706 aut
1814 2675 1866 2702 ne

231 2790 376 2828 nimius
411 2797 544 2825 essem
581 2790 622 2820 ut
656 2780 701 2818 fit
734 2789 827 2816 cum
853 2772 981 2813 multa
1006 2768 1189 2808 delerem
1212 2758 1411 2802 nonnulla
1433 2766 1518 2793 non
1540 2747 1655 2790 movi
1677 2741 1868 2796 quamvis

234 2879 314 2904 non
363 2863 534 2902 meliore
579 2860 661 2896 iure
705 2855 790 2893 aliis
833 2852 970 2890 locum
1015 2845 1263 2884 obtinerent.
1328 2833 1518 2883 Denique
1561 2838 1645 2865 non
1688 2823 1744 2860 ita
1777 2829 1870 2858 raro
