<?xml version="1.0" encoding="UTF-8"?>
<!DOCTYPE html PUBLIC "-//W3C//DTD XHTML 1.0 Transitional//EN"
    "http://www.w3.org/TR/xhtml1/DTD/xhtml1-transitional.dtd">
<html xmlns="http://www.w3.org/1999/xhtml" xml:lang="en" lang="en">
 <head>
  <title>
</title>
<meta http-equiv="Content-Type" content="text/html;charset=utf-8" />
  <meta name='ocr-system' content='tesseract 3.04.00' />
  <meta name='ocr-capabilities' content='ocr_page ocr_carea ocr_par ocr_line ocrx_word'/>
</head>
<body>
  <div class='ocr_page' id='page_1' title='image "./dialogorumlibrid00seneuoft_0177.png"; bbox 0 0 1977 3231; ppageno 0'>
   <div class='ocr_carea' id='block_1_1' title="bbox 448 128 1745 174">
    <p class='ocr_par' dir='ltr' id='par_1_1' title="bbox 448 128 1745 174">
     <span class='ocr_line' id='line_1_1' title="bbox 448 128 1745 174; baseline 0.005 -21"><span class='ocrx_word' id='word_1_1' title='bbox 448 129 550 155; x_wconf 86' lang='lat' dir='ltr'>DIAL.</span> <span class='ocrx_word' id='word_1_2' title='bbox 574 128 622 154; x_wconf 86' lang='lat' dir='ltr'>VI.</span> <span class='ocrx_word' id='word_1_3' title='bbox 661 128 716 153; x_wconf 83' lang='lat' dir='ltr'>AD</span> <span class='ocrx_word' id='word_1_4' title='bbox 736 129 923 154; x_wconf 73' lang='lat' dir='ltr'>MARCIAM</span> <span class='ocrx_word' id='word_1_5' title='bbox 948 129 998 154; x_wconf 70' lang='lat' dir='ltr'>DF,</span> <span class='ocrx_word' id='word_1_6' title='bbox 1020 129 1340 157; x_wconf 74' lang='lat' dir='ltr'>CONSOLATIONE.</span> <span class='ocrx_word' id='word_1_7' title='bbox 1382 132 1422 158; x_wconf 76' lang='lat'>17.</span> <span class='ocrx_word' id='word_1_8' title='bbox 1667 136 1745 174; x_wconf 76' lang='lat'>139</span> 
     </span>
    </p>
   </div>
   <div class='ocr_carea' id='block_1_2' title="bbox 73 225 1799 1904">
    <p class='ocr_par' dir='ltr' id='par_1_2' title="bbox 126 225 1748 351">
     <span class='ocr_line' id='line_1_2' title="bbox 128 225 1747 280; baseline 0.004 -17"><span class='ocrx_word' id='word_1_9' title='bbox 128 226 301 276; x_wconf 88' lang='lat' dir='ltr'>perires,</span> <span class='ocrx_word' id='word_1_10' title='bbox 336 228 379 264; x_wconf 85' lang='lat' dir='ltr'>ut</span> <span class='ocrx_word' id='word_1_11' title='bbox 411 238 619 278; x_wconf 83' lang='lat' dir='ltr'>sperares,</span> <span class='ocrx_word' id='word_1_12' title='bbox 653 232 878 274; x_wconf 82' lang='lat' dir='ltr'>metueres,</span> <span class='ocrx_word' id='word_1_13' title='bbox 911 225 1012 267; x_wconf 89' lang='lat' dir='ltr'>alios</span> <span class='ocrx_word' id='word_1_14' title='bbox 1045 235 1170 280; x_wconf 90' lang='lat' dir='ltr'>teque</span> <span class='ocrx_word' id='word_1_15' title='bbox 1201 227 1460 280; x_wconf 80' lang='lat' dir='ltr'>inquietareS,</span> <span class='ocrx_word' id='word_1_16' title='bbox 1494 234 1674 268; x_wconf 89' lang='lat' dir='ltr'>mortem</span> <span class='ocrx_word' id='word_1_17' title='bbox 1707 236 1747 269; x_wconf 92' lang='lat' dir='ltr'>et</span> 
     </span>
     <span class='ocr_line' id='line_1_3' title="bbox 126 295 1748 351; baseline 0.004 -18"><span class='ocrx_word' id='word_1_18' title='bbox 126 295 293 334; x_wconf 87' lang='lat' dir='ltr'>timeres</span> <span class='ocrx_word' id='word_1_19' title='bbox 324 302 365 334; x_wconf 90' lang='lat' dir='ltr'>et</span> <span class='ocrx_word' id='word_1_20' title='bbox 396 302 564 348; x_wconf 83' lang='lat' dir='ltr'>optares</span> <span class='ocrx_word' id='word_1_21' title='bbox 597 303 638 336; x_wconf 92' lang='lat' dir='ltr'>et</span> <span class='ocrx_word' id='word_1_22' title='bbox 670 299 785 349; x_wconf 86' lang='lat' dir='ltr'>quod</span> <span class='ocrx_word' id='word_1_23' title='bbox 817 304 880 337; x_wconf 90' lang='lat' dir='ltr'>est</span> <span class='ocrx_word' id='word_1_24' title='bbox 912 298 1160 349; x_wconf 89' lang='lat' dir='ltr'>pessimum,</span> <span class='ocrx_word' id='word_1_25' title='bbox 1199 301 1427 351; x_wconf 81' lang='lat' dir='ltr'>numquam</span> <span class='ocrx_word' id='word_1_26' title='bbox 1459 301 1603 346; x_wconf 80' lang='lat' dir='ltr'>scires,</span> <span class='ocrx_word' id='word_1_27' title='bbox 1637 300 1748 340; x_wconf 80' lang='lat' dir='ltr'>cuius</span> 
     </span>
    </p>

    <p class='ocr_par' dir='ltr' id='par_1_3' title="bbox 80 366 1782 705">
     <span class='ocr_line' id='line_1_4' title="bbox 80 366 1748 420; baseline 0.004 -17"><span class='ocrx_word' id='word_1_28' title='bbox 80 368 100 402; x_wconf 75' lang='lat'><strong>2</strong></span> <span class='ocrx_word' id='word_1_29' title='bbox 126 378 238 404; x_wconf 92' lang='lat' dir='ltr'>esses</span> <span class='ocrx_word' id='word_1_30' title='bbox 269 372 411 405; x_wconf 89' lang='lat' dir='ltr'>status.</span> <span class='ocrx_word' id='word_1_31' title='bbox 453 366 485 405; x_wconf 94' lang='lat' dir='ltr'>si</span> <span class='ocrx_word' id='word_1_32' title='bbox 517 368 606 418; x_wconf 88' lang='lat' dir='ltr'>quis</span> <span class='ocrx_word' id='word_1_33' title='bbox 629 367 859 419; x_wconf 78' lang='lat' dir='ltr'>Syracusas</span> <span class='ocrx_word' id='word_1_34' title='bbox 890 369 1047 420; x_wconf 87' lang='lat' dir='ltr'>petenti</span> <span class='ocrx_word' id='word_1_35' title='bbox 1079 369 1258 409; x_wconf 88' lang='lat' dir='ltr'>diceret:</span> <span class='ocrx_word' id='word_1_36' title='bbox 1296 370 1435 409; x_wconf 89' lang='lat' dir='ltr'>omnia</span> <span class='ocrx_word' id='word_1_37' title='bbox 1466 371 1748 419; x_wconf 89' lang='lat' dir='ltr'>incommoda,</span> 
     </span>
     <span class='ocr_line' id='line_1_5' title="bbox 125 436 1747 493; baseline 0.004 -19"><span class='ocrx_word' id='word_1_38' title='bbox 125 448 273 475; x_wconf 89' lang='lat' dir='ltr'>omnes</span> <span class='ocrx_word' id='word_1_39' title='bbox 332 436 569 489; x_wconf 88' lang='lat' dir='ltr'>uoluptates</span> <span class='ocrx_word' id='word_1_40' title='bbox 626 437 787 478; x_wconf 88' lang='lat' dir='ltr'>futurae</span> <span class='ocrx_word' id='word_1_41' title='bbox 838 440 1181 490; x_wconf 83' lang='lat' dir='ltr'>peregrinationis</span> <span class='ocrx_word' id='word_1_42' title='bbox 1232 447 1328 479; x_wconf 91' lang='lat' dir='ltr'>tuae</span> <span class='ocrx_word' id='word_1_43' title='bbox 1379 448 1474 480; x_wconf 86' lang='lat' dir='ltr'>ante</span> <span class='ocrx_word' id='word_1_44' title='bbox 1527 454 1747 493; x_wconf 86' lang='lat' dir='ltr'>cognosce,</span> 
     </span>
     <span class='ocr_line' id='line_1_6' title="bbox 125 506 1782 564; baseline 0.004 -19"><span class='ocrx_word' id='word_1_45' title='bbox 125 506 276 546; x_wconf 90' lang='lat' dir='ltr'>deinde</span> <span class='ocrx_word' id='word_1_46' title='bbox 307 507 362 546; x_wconf 89' lang='lat' dir='ltr'>ita</span> <span class='ocrx_word' id='word_1_47' title='bbox 393 508 552 559; x_wconf 88' lang='lat' dir='ltr'>nauiga.</span> <span class='ocrx_word' id='word_1_48' title='bbox 605 508 708 548; x_wconf 88' lang='lat' dir='ltr'>haec</span> <span class='ocrx_word' id='word_1_49' title='bbox 739 517 846 557; x_wconf 89' lang='lat' dir='ltr'>sunt,</span> <span class='ocrx_word' id='word_1_50' title='bbox 878 523 985 561; x_wconf 86' lang='lat' dir='ltr'>quae</span> <span class='ocrx_word' id='word_1_51' title='bbox 1018 510 1153 549; x_wconf 88' lang='lat' dir='ltr'>mirari</span> <span class='ocrx_word' id='word_1_52' title='bbox 1185 511 1339 562; x_wconf 89' lang='lat' dir='ltr'>possis:</span> <span class='ocrx_word' id='word_1_53' title='bbox 1378 511 1537 551; x_wconf 86' lang='lat' dir='ltr'>uidebis</span> <span class='ocrx_word' id='word_1_54' title='bbox 1568 512 1746 564; x_wconf 89' lang='lat' dir='ltr'>primum</span> <span class='ocrx_word' id='word_1_55' title='bbox 1768 524 1782 547; x_wconf 77' lang='lat'>5</span> 
     </span>
     <span class='ocr_line' id='line_1_7' title="bbox 125 576 1746 633; baseline 0.004 -18"><span class='ocrx_word' id='word_1_56' title='bbox 125 576 256 630; x_wconf 87' lang='lat' dir='ltr'>ipsam</span> <span class='ocrx_word' id='word_1_57' title='bbox 300 578 473 617; x_wconf 88' lang='lat' dir='ltr'>insulam</span> <span class='ocrx_word' id='word_1_58' title='bbox 517 579 570 618; x_wconf 91' lang='lat' dir='ltr'>ab</span> <span class='ocrx_word' id='word_1_59' title='bbox 614 579 729 618; x_wconf 87' lang='lat' dir='ltr'>Italia</span> <span class='ocrx_word' id='word_1_60' title='bbox 770 586 948 631; x_wconf 88' lang='lat' dir='ltr'>angusto</span> <span class='ocrx_word' id='word_1_61' title='bbox 990 580 1266 620; x_wconf 82' lang='lat' dir='ltr'>interscissam</span> <span class='ocrx_word' id='word_1_62' title='bbox 1310 580 1437 629; x_wconf 88' lang='lat' dir='ltr'>freto,</span> <span class='ocrx_word' id='word_1_63' title='bbox 1481 596 1607 633; x_wconf 84' lang='lat' dir='ltr'>quam</span> <span class='ocrx_word' id='word_1_64' title='bbox 1649 596 1746 622; x_wconf 91' lang='lat' dir='ltr'>con-</span> 
     </span>
     <span class='ocr_line' id='line_1_8' title="bbox 125 648 1747 705; baseline 0.004 -19"><span class='ocrx_word' id='word_1_65' title='bbox 125 648 267 688; x_wconf 90' lang='lat' dir='ltr'>tinenti</span> <span class='ocrx_word' id='word_1_66' title='bbox 309 650 524 700; x_wconf 87' lang='lat' dir='ltr'>quondam</span> <span class='ocrx_word' id='word_1_67' title='bbox 558 649 794 690; x_wconf 85' lang='lat' dir='ltr'>cohaesisse</span> <span class='ocrx_word' id='word_1_68' title='bbox 826 657 1000 689; x_wconf 88' lang='lat' dir='ltr'>constat.</span> <span class='ocrx_word' id='word_1_69' title='bbox 1063 651 1245 690; x_wconf 86' lang='lat' dir='ltr'>subitum</span> <span class='ocrx_word' id='word_1_70' title='bbox 1277 651 1345 691; x_wconf 92' lang='lat' dir='ltr'>illo</span> <span class='ocrx_word' id='word_1_71' title='bbox 1379 666 1491 691; x_wconf 87' lang='lat' dir='ltr'>mare</span> <span class='ocrx_word' id='word_1_72' title='bbox 1524 653 1672 705; x_wconf 86' lang='lat' dir='ltr'>inrupit</span> <span class='ocrx_word' id='word_1_73' title='bbox 1705 661 1747 693; x_wconf 91' lang='lat' dir='ltr'>et</span> 
     </span>
    </p>

    <p class='ocr_par' dir='ltr' id='par_1_4' title="bbox 123 722 1799 987">
     <span class='ocr_line' id='line_1_9' title="bbox 582 722 1284 771; baseline 0.003 -13"><span class='ocrx_word' id='word_1_74' title='bbox 582 722 805 771; x_wconf 75' lang='lat' dir='ltr'>Hespem&#39;mn</span> <span class='ocrx_word' id='word_1_75' title='bbox 840 723 966 759; x_wconf 76' lang='lat' dir='ltr'>Sicula</span> <span class='ocrx_word' id='word_1_76' title='bbox 998 724 1097 760; x_wconf 77' lang='lat' dir='ltr'>latus</span> <span class='ocrx_word' id='word_1_77' title='bbox 1120 724 1284 760; x_wconf 69' lang='lat' dir='ltr'>abscidit.</span> 
     </span>
     <span class='ocr_line' id='line_1_10' title="bbox 123 788 1745 847; baseline 0.003 -19"><span class='ocrx_word' id='word_1_78' title='bbox 123 788 274 828; x_wconf 62' lang='lat' dir='ltr'>deinde</span> <span class='ocrx_word' id='word_1_79' title='bbox 317 790 497 838; x_wconf 90' lang='lat' dir='ltr'>uidebis,</span> <span class='ocrx_word' id='word_1_80' title='bbox 540 790 677 831; x_wconf 90' lang='lat' dir='ltr'>licebit</span> <span class='ocrx_word' id='word_1_81' title='bbox 709 791 818 830; x_wconf 89' lang='lat' dir='ltr'>enim</span> <span class='ocrx_word' id='word_1_82' title='bbox 851 791 924 830; x_wconf 89' lang='lat' dir='ltr'>tibi</span> <span class='ocrx_word' id='word_1_83' title='bbox 955 791 1237 831; x_wconf 88' lang='lat' dir='ltr'>auidissimum</span> <span class='ocrx_word' id='word_1_84' title='bbox 1270 794 1393 832; x_wconf 87' lang='lat' dir='ltr'>maris</span> <span class='ocrx_word' id='word_1_85' title='bbox 1426 794 1622 833; x_wconf 90' lang='lat' dir='ltr'>uerticem</span> <span class='ocrx_word' id='word_1_86' title='bbox 1654 808 1745 847; x_wconf 92' lang='lat' dir='ltr'>per-</span> 
     </span>
     <span class='ocr_line' id='line_1_11' title="bbox 123 860 1799 915; baseline 0.002 -17"><span class='ocrx_word' id='word_1_87' title='bbox 123 860 334 911; x_wconf 85' lang='lat' dir='ltr'>stringere,</span> <span class='ocrx_word' id='word_1_88' title='bbox 367 866 540 900; x_wconf 89' lang='lat' dir='ltr'>stratam</span> <span class='ocrx_word' id='word_1_89' title='bbox 574 861 683 900; x_wconf 86' lang='lat' dir='ltr'>illam</span> <span class='ocrx_word' id='word_1_90' title='bbox 716 861 949 901; x_wconf 88' lang='lat' dir='ltr'>fabulosam</span> <span class='ocrx_word' id='word_1_91' title='bbox 983 860 1256 914; x_wconf 85' lang='lat' dir='ltr'>Charybdim,</span> <span class='ocrx_word' id='word_1_92' title='bbox 1289 864 1487 915; x_wconf 90' lang='lat' dir='ltr'>quamdiu</span> <span class='ocrx_word' id='word_1_93' title='bbox 1519 863 1572 903; x_wconf 88' lang='lat' dir='ltr'>ab</span> <span class='ocrx_word' id='word_1_94' title='bbox 1605 871 1746 904; x_wconf 88' lang='lat' dir='ltr'>austro</span> <span class='ocrx_word' id='word_1_95' title='bbox 1769 877 1799 902; x_wconf 85' lang='lat'>10</span> 
     </span>
     <span class='ocr_line' id='line_1_12' title="bbox 124 918 1744 987; baseline 0.003 -18"><span class='ocrx_word' id='word_1_96' title='bbox 124 918 277 978; x_wconf 77' lang='lat' dir='ltr'>uacat,</span> <span class='ocrx_word' id='word_1_97' title='bbox 296 937 339 970; x_wconf 88' lang='lat' dir='ltr'>at</span> <span class='ocrx_word' id='word_1_98' title='bbox 369 932 402 970; x_wconf 92' lang='lat' dir='ltr'>si</span> <span class='ocrx_word' id='word_1_99' title='bbox 434 931 532 982; x_wconf 87' lang='lat' dir='ltr'>quid</span> <span class='ocrx_word' id='word_1_100' title='bbox 565 932 660 970; x_wconf 90' lang='lat' dir='ltr'>inde</span> <span class='ocrx_word' id='word_1_101' title='bbox 693 932 980 986; x_wconf 84' lang='lat' dir='ltr'>uehementius</span> <span class='ocrx_word' id='word_1_102' title='bbox 1011 933 1201 985; x_wconf 86' lang='lat' dir='ltr'>spirauit‚</span> <span class='ocrx_word' id='word_1_103' title='bbox 1244 946 1399 984; x_wconf 90' lang='lat' dir='ltr'>magno</span> <span class='ocrx_word' id='word_1_104' title='bbox 1431 934 1545 974; x_wconf 87' lang='lat' dir='ltr'>hiatu</span> <span class='ocrx_word' id='word_1_105' title='bbox 1576 934 1744 987; x_wconf 90' lang='lat' dir='ltr'>profun-</span> 
     </span>
    </p>

    <p class='ocr_par' dir='ltr' id='par_1_5' title="bbox 76 1001 1798 1266">
     <span class='ocr_line' id='line_1_13' title="bbox 76 1001 1745 1053; baseline 0.004 -14"><span class='ocrx_word' id='word_1_106' title='bbox 76 1004 96 1038; x_wconf 85' lang='lat'>3</span> <span class='ocrx_word' id='word_1_107' title='bbox 123 1001 264 1052; x_wconf 88' lang='lat' dir='ltr'>doque</span> <span class='ocrx_word' id='word_1_108' title='bbox 315 1002 479 1053; x_wconf 91' lang='lat' dir='ltr'>nauigia</span> <span class='ocrx_word' id='word_1_109' title='bbox 529 1002 783 1042; x_wconf 91' lang='lat' dir='ltr'>sorbentem.</span> <span class='ocrx_word' id='word_1_110' title='bbox 857 1002 1015 1042; x_wconf 88' lang='lat' dir='ltr'>uidebis</span> <span class='ocrx_word' id='word_1_111' title='bbox 1068 1003 1439 1044; x_wconf 81' lang='lat' dir='ltr'>celebratissimum</span> <span class='ocrx_word' id='word_1_112' title='bbox 1497 1005 1745 1045; x_wconf 88' lang='lat' dir='ltr'>carminibus</span> 
     </span>
     <span class='ocr_line' id='line_1_14' title="bbox 121 1061 1744 1128; baseline 0.003 -18"><span class='ocrx_word' id='word_1_113' title='bbox 121 1070 281 1111; x_wconf 88' lang='lat' dir='ltr'>fontem</span> <span class='ocrx_word' id='word_1_114' title='bbox 314 1071 582 1120; x_wconf 83' lang='lat' dir='ltr'>Arethusam,</span> <span class='ocrx_word' id='word_1_115' title='bbox 617 1073 845 1112; x_wconf 89' lang='lat' dir='ltr'>nitidissimi</span> <span class='ocrx_word' id='word_1_116' title='bbox 877 1086 925 1112; x_wconf 90' lang='lat' dir='ltr'>ac</span> <span class='ocrx_word' id='word_1_117' title='bbox 957 1073 1154 1126; x_wconf 87' lang='lat' dir='ltr'>perlucidi</span> <span class='ocrx_word' id='word_1_118' title='bbox 1175 1075 1230 1114; x_wconf 88' lang='lat' dir='ltr'>ad</span> <span class='ocrx_word' id='word_1_119' title='bbox 1252 1075 1380 1114; x_wconf 91' lang='lat' dir='ltr'>imum</span> <span class='ocrx_word' id='word_1_120' title='bbox 1402 1061 1548 1127; x_wconf 83' lang='lat' dir='ltr'>stagni,</span> <span class='ocrx_word' id='word_1_121' title='bbox 1581 1076 1744 1128; x_wconf 89' lang='lat' dir='ltr'>gelidis-</span> 
     </span>
     <span class='ocr_line' id='line_1_15' title="bbox 121 1141 1746 1197; baseline 0.003 -16"><span class='ocrx_word' id='word_1_122' title='bbox 121 1142 245 1181; x_wconf 88' lang='lat' dir='ltr'>simas</span> <span class='ocrx_word' id='word_1_123' title='bbox 277 1155 405 1194; x_wconf 87' lang='lat' dir='ltr'>aquas</span> <span class='ocrx_word' id='word_1_124' title='bbox 437 1141 776 1195; x_wconf 89' lang='lat' dir='ltr'>profundentem,</span> <span class='ocrx_word' id='word_1_125' title='bbox 810 1144 896 1182; x_wconf 88' lang='lat' dir='ltr'>siue</span> <span class='ocrx_word' id='word_1_126' title='bbox 928 1143 1014 1182; x_wconf 87' lang='lat' dir='ltr'>illas</span> <span class='ocrx_word' id='word_1_127' title='bbox 1046 1144 1101 1183; x_wconf 92' lang='lat' dir='ltr'>ibi</span> <span class='ocrx_word' id='word_1_128' title='bbox 1132 1146 1311 1197; x_wconf 88' lang='lat' dir='ltr'>primum</span> <span class='ocrx_word' id='word_1_129' title='bbox 1344 1147 1549 1186; x_wconf 89' lang='lat' dir='ltr'>nascentis</span> <span class='ocrx_word' id='word_1_130' title='bbox 1580 1147 1746 1195; x_wconf 87' lang='lat' dir='ltr'>inuenit,</span> 
     </span>
     <span class='ocr_line' id='line_1_16' title="bbox 121 1212 1798 1266; baseline 0.002 -15"><span class='ocrx_word' id='word_1_131' title='bbox 121 1213 206 1251; x_wconf 92' lang='lat' dir='ltr'>siue</span> <span class='ocrx_word' id='word_1_132' title='bbox 246 1212 449 1266; x_wconf 88' lang='lat' dir='ltr'>inlapsum</span> <span class='ocrx_word' id='word_1_133' title='bbox 492 1214 610 1253; x_wconf 90' lang='lat' dir='ltr'>terris</span> <span class='ocrx_word' id='word_1_134' title='bbox 654 1213 803 1253; x_wconf 83' lang='lat' dir='ltr'>flumen</span> <span class='ocrx_word' id='word_1_135' title='bbox 845 1215 1054 1265; x_wconf 90' lang='lat' dir='ltr'>integrum</span> <span class='ocrx_word' id='word_1_136' title='bbox 1086 1215 1230 1254; x_wconf 90' lang='lat' dir='ltr'>subter</span> <span class='ocrx_word' id='word_1_137' title='bbox 1262 1222 1326 1255; x_wconf 90' lang='lat' dir='ltr'>tot</span> <span class='ocrx_word' id='word_1_138' title='bbox 1359 1217 1487 1255; x_wconf 87' lang='lat' dir='ltr'>maria</span> <span class='ocrx_word' id='word_1_139' title='bbox 1519 1223 1560 1256; x_wconf 90' lang='lat' dir='ltr'>et</span> <span class='ocrx_word' id='word_1_140' title='bbox 1591 1231 1616 1256; x_wconf 86' lang='lat' dir='ltr'>a</span> <span class='ocrx_word' id='word_1_141' title='bbox 1646 1231 1742 1257; x_wconf 89' lang='lat' dir='ltr'>con-</span> <span class='ocrx_word' id='word_1_142' title='bbox 1768 1231 1798 1255; x_wconf 73' lang='lat'>15</span> 
     </span>
    </p>

    <p class='ocr_par' dir='ltr' id='par_1_6' title="bbox 74 1282 1797 1762">
     <span class='ocr_line' id='line_1_17' title="bbox 74 1282 1744 1339; baseline 0.004 -18"><span class='ocrx_word' id='word_1_143' title='bbox 74 1286 94 1319; x_wconf 73' lang='grc'>4</span> <span class='ocrx_word' id='word_1_144' title='bbox 120 1282 280 1322; x_wconf 85' lang='lat' dir='ltr'>fusione</span> <span class='ocrx_word' id='word_1_145' title='bbox 310 1284 460 1335; x_wconf 90' lang='lat' dir='ltr'>peioris</span> <span class='ocrx_word' id='word_1_146' title='bbox 493 1284 629 1323; x_wconf 88' lang='lat' dir='ltr'>undae</span> <span class='ocrx_word' id='word_1_147' title='bbox 661 1290 871 1323; x_wconf 85' lang='lat' dir='ltr'>seruatum</span> <span class='ocrx_word' id='word_1_148' title='bbox 915 1285 1105 1324; x_wconf 89' lang='lat' dir='ltr'>reddidit.</span> <span class='ocrx_word' id='word_1_149' title='bbox 1168 1286 1327 1325; x_wconf 89' lang='lat' dir='ltr'>uidebis</span> <span class='ocrx_word' id='word_1_150' title='bbox 1370 1293 1538 1338; x_wconf 90' lang='lat' dir='ltr'>portum</span> <span class='ocrx_word' id='word_1_151' title='bbox 1580 1288 1744 1339; x_wconf 89' lang='lat' dir='ltr'>quietis-</span> 
     </span>
     <span class='ocr_line' id='line_1_18' title="bbox 120 1354 1746 1408; baseline 0.004 -16"><span class='ocrx_word' id='word_1_152' title='bbox 120 1354 272 1394; x_wconf 89' lang='lat' dir='ltr'>simum</span> <span class='ocrx_word' id='word_1_153' title='bbox 305 1355 510 1402; x_wconf 92' lang='lat' dir='ltr'>omnium,</span> <span class='ocrx_word' id='word_1_154' title='bbox 543 1368 647 1406; x_wconf 86' lang='lat' dir='ltr'>quos</span> <span class='ocrx_word' id='word_1_155' title='bbox 680 1363 751 1394; x_wconf 86' lang='lat' dir='ltr'>aut</span> <span class='ocrx_word' id='word_1_156' title='bbox 783 1362 930 1395; x_wconf 86' lang='lat' dir='ltr'>natura</span> <span class='ocrx_word' id='word_1_157' title='bbox 961 1357 1100 1408; x_wconf 86' lang='lat' dir='ltr'>posuit</span> <span class='ocrx_word' id='word_1_158' title='bbox 1143 1357 1182 1395; x_wconf 94' lang='lat' dir='ltr'>in</span> <span class='ocrx_word' id='word_1_159' title='bbox 1224 1357 1397 1396; x_wconf 86' lang='lat' dir='ltr'>tutelam</span> <span class='ocrx_word' id='word_1_160' title='bbox 1442 1357 1633 1398; x_wconf 88' lang='lat' dir='ltr'>classium</span> <span class='ocrx_word' id='word_1_161' title='bbox 1675 1364 1746 1398; x_wconf 91' lang='lat' dir='ltr'>aut</span> 
     </span>
     <span class='ocr_line' id='line_1_19' title="bbox 120 1425 1744 1481; baseline 0.002 -17"><span class='ocrx_word' id='word_1_162' title='bbox 120 1425 276 1464; x_wconf 91' lang='lat' dir='ltr'>adiuuit</span> <span class='ocrx_word' id='word_1_163' title='bbox 309 1439 467 1473; x_wconf 88' lang='lat' dir='ltr'>manus,</span> <span class='ocrx_word' id='word_1_164' title='bbox 498 1427 556 1465; x_wconf 88' lang='lat' dir='ltr'>sic</span> <span class='ocrx_word' id='word_1_165' title='bbox 587 1432 741 1474; x_wconf 85' lang='lat' dir='ltr'>tutum,</span> <span class='ocrx_word' id='word_1_166' title='bbox 773 1432 817 1465; x_wconf 91' lang='lat' dir='ltr'>ut</span> <span class='ocrx_word' id='word_1_167' title='bbox 849 1440 900 1465; x_wconf 93' lang='lat' dir='ltr'>ne</span> <span class='ocrx_word' id='word_1_168' title='bbox 933 1427 1210 1467; x_wconf 80' lang='lat' dir='ltr'>maximarum</span> <span class='ocrx_word' id='word_1_169' title='bbox 1243 1428 1413 1480; x_wconf 89' lang='lat' dir='ltr'>quidem</span> <span class='ocrx_word' id='word_1_170' title='bbox 1445 1434 1744 1481; x_wconf 88' lang='lat' dir='ltr'>tempestatum</span> 
     </span>
     <span class='ocr_line' id='line_1_20' title="bbox 121 1494 1745 1550; baseline 0.003 -16"><span class='ocrx_word' id='word_1_171' title='bbox 121 1494 245 1535; x_wconf 85' lang='lat' dir='ltr'>furori</span> <span class='ocrx_word' id='word_1_172' title='bbox 288 1495 403 1535; x_wconf 90' lang='lat' dir='ltr'>locus</span> <span class='ocrx_word' id='word_1_173' title='bbox 444 1496 508 1535; x_wconf 92' lang='lat' dir='ltr'>sit.</span> <span class='ocrx_word' id='word_1_174' title='bbox 573 1497 732 1536; x_wconf 89' lang='lat' dir='ltr'>uidebis</span> <span class='ocrx_word' id='word_1_175' title='bbox 774 1497 843 1536; x_wconf 90' lang='lat' dir='ltr'>ubi</span> <span class='ocrx_word' id='word_1_176' title='bbox 875 1496 1140 1537; x_wconf 88' lang='lat' dir='ltr'>Athenarum</span> <span class='ocrx_word' id='word_1_177' title='bbox 1183 1500 1372 1550; x_wconf 86' lang='lat' dir='ltr'>potentia</span> <span class='ocrx_word' id='word_1_178' title='bbox 1402 1498 1548 1547; x_wconf 87' lang='lat' dir='ltr'>fracta,</span> <span class='ocrx_word' id='word_1_179' title='bbox 1581 1500 1650 1539; x_wconf 90' lang='lat' dir='ltr'>ubi</span> <span class='ocrx_word' id='word_1_180' title='bbox 1681 1507 1745 1539; x_wconf 90' lang='lat' dir='ltr'>tot</span> 
     </span>
     <span class='ocr_line' id='line_1_21' title="bbox 122 1566 1797 1619; baseline 0.001 -14"><span class='ocrx_word' id='word_1_181' title='bbox 122 1566 231 1605; x_wconf 90' lang='lat' dir='ltr'>milia</span> <span class='ocrx_word' id='word_1_182' title='bbox 273 1567 533 1619; x_wconf 88' lang='lat' dir='ltr'>captiuorum</span> <span class='ocrx_word' id='word_1_183' title='bbox 566 1566 631 1606; x_wconf 92' lang='lat' dir='ltr'>ille</span> <span class='ocrx_word' id='word_1_184' title='bbox 663 1568 810 1606; x_wconf 81' lang='lat' dir='ltr'>excisis</span> <span class='ocrx_word' id='word_1_185' title='bbox 842 1568 881 1606; x_wconf 92' lang='lat' dir='ltr'>in</span> <span class='ocrx_word' id='word_1_186' title='bbox 913 1567 1112 1608; x_wconf 88' lang='lat' dir='ltr'>infinitam</span> <span class='ocrx_word' id='word_1_187' title='bbox 1145 1569 1404 1609; x_wconf 87' lang='lat' dir='ltr'>altitudinem</span> <span class='ocrx_word' id='word_1_188' title='bbox 1437 1571 1550 1609; x_wconf 81' lang='lat' dir='ltr'>saxis</span> <span class='ocrx_word' id='word_1_189' title='bbox 1581 1571 1744 1610; x_wconf 90' lang='lat' dir='ltr'>natiuus</span> <span class='ocrx_word' id='word_1_190' title='bbox 1764 1582 1797 1607; x_wconf 76' lang='lat'>20</span> 
     </span>
     <span class='ocr_line' id='line_1_22' title="bbox 121 1637 1743 1690; baseline 0.002 -14"><span class='ocrx_word' id='word_1_191' title='bbox 121 1650 260 1676; x_wconf 90' lang='lat' dir='ltr'>carcer</span> <span class='ocrx_word' id='word_1_192' title='bbox 301 1637 540 1686; x_wconf 91' lang='lat' dir='ltr'>incluserat,</span> <span class='ocrx_word' id='word_1_193' title='bbox 584 1639 716 1690; x_wconf 87' lang='lat' dir='ltr'>ipsam</span> <span class='ocrx_word' id='word_1_194' title='bbox 758 1638 970 1690; x_wconf 88' lang='lat' dir='ltr'>ingentem</span> <span class='ocrx_word' id='word_1_195' title='bbox 1013 1639 1222 1678; x_wconf 88' lang='lat' dir='ltr'>ciuitatem</span> <span class='ocrx_word' id='word_1_196' title='bbox 1254 1646 1295 1679; x_wconf 91' lang='lat' dir='ltr'>et</span> <span class='ocrx_word' id='word_1_197' title='bbox 1328 1640 1460 1679; x_wconf 89' lang='lat' dir='ltr'>laxius</span> <span class='ocrx_word' id='word_1_198' title='bbox 1492 1641 1743 1680; x_wconf 87' lang='lat' dir='ltr'>territorium</span> 
     </span>
     <span class='ocr_line' id='line_1_23' title="bbox 120 1707 1742 1762; baseline 0.002 -16"><span class='ocrx_word' id='word_1_199' title='bbox 120 1720 247 1759; x_wconf 88' lang='lat' dir='ltr'>quam</span> <span class='ocrx_word' id='word_1_200' title='bbox 279 1707 503 1748; x_wconf 91' lang='lat' dir='ltr'>multarum</span> <span class='ocrx_word' id='word_1_201' title='bbox 537 1708 699 1747; x_wconf 91' lang='lat' dir='ltr'>urbium</span> <span class='ocrx_word' id='word_1_202' title='bbox 732 1708 834 1749; x_wconf 86' lang='lat' dir='ltr'>fines</span> <span class='ocrx_word' id='word_1_203' title='bbox 866 1715 982 1756; x_wconf 85' lang='lat' dir='ltr'>sunt,</span> <span class='ocrx_word' id='word_1_204' title='bbox 1024 1711 1280 1762; x_wconf 90' lang='lat' dir='ltr'>tepidissima</span> <span class='ocrx_word' id='word_1_205' title='bbox 1312 1710 1483 1750; x_wconf 90' lang='lat' dir='ltr'>hiberna</span> <span class='ocrx_word' id='word_1_206' title='bbox 1514 1718 1556 1750; x_wconf 90' lang='lat' dir='ltr'>et</span> <span class='ocrx_word' id='word_1_207' title='bbox 1588 1712 1742 1750; x_wconf 90' lang='lat' dir='ltr'>nullum</span> 
     </span>
    </p>

    <p class='ocr_par' dir='ltr' id='par_1_7' title="bbox 73 1777 1743 1904">
     <span class='ocr_line' id='line_1_24' title="bbox 73 1777 1743 1833; baseline 0.003 -17"><span class='ocrx_word' id='word_1_208' title='bbox 73 1782 93 1816; x_wconf 78' lang='lat'>5</span> <span class='ocrx_word' id='word_1_209' title='bbox 120 1777 231 1817; x_wconf 90' lang='lat' dir='ltr'>diem</span> <span class='ocrx_word' id='word_1_210' title='bbox 263 1778 350 1817; x_wconf 89' lang='lat' dir='ltr'>sine</span> <span class='ocrx_word' id='word_1_211' title='bbox 382 1778 615 1818; x_wconf 91' lang='lat' dir='ltr'>interuentu</span> <span class='ocrx_word' id='word_1_212' title='bbox 648 1779 756 1818; x_wconf 91' lang='lat' dir='ltr'>solis.</span> <span class='ocrx_word' id='word_1_213' title='bbox 799 1780 874 1819; x_wconf 92' lang='lat' dir='ltr'>sed</span> <span class='ocrx_word' id='word_1_214' title='bbox 908 1794 1001 1819; x_wconf 90' lang='lat' dir='ltr'>cum</span> <span class='ocrx_word' id='word_1_215' title='bbox 1034 1781 1176 1820; x_wconf 89' lang='lat' dir='ltr'>omnia</span> <span class='ocrx_word' id='word_1_216' title='bbox 1206 1781 1283 1820; x_wconf 87' lang='lat' dir='ltr'>ista</span> <span class='ocrx_word' id='word_1_217' title='bbox 1315 1783 1572 1833; x_wconf 89' lang='lat' dir='ltr'>cognoueris,</span> <span class='ocrx_word' id='word_1_218' title='bbox 1606 1783 1743 1833; x_wconf 87' lang='lat' dir='ltr'>grauis</span> 
     </span>
     <span class='ocr_line' id='line_1_25' title="bbox 118 1847 1740 1904; baseline 0.002 -16"><span class='ocrx_word' id='word_1_219' title='bbox 118 1854 160 1888; x_wconf 91' lang='lat' dir='ltr'>et</span> <span class='ocrx_word' id='word_1_220' title='bbox 191 1847 405 1888; x_wconf 86' lang='lat' dir='ltr'>insalubris</span> <span class='ocrx_word' id='word_1_221' title='bbox 436 1855 572 1889; x_wconf 87' lang='lat' dir='ltr'>aestas</span> <span class='ocrx_word' id='word_1_222' title='bbox 605 1849 763 1889; x_wconf 91' lang='lat' dir='ltr'>hiberni</span> <span class='ocrx_word' id='word_1_223' title='bbox 795 1849 895 1889; x_wconf 89' lang='lat' dir='ltr'>caeli</span> <span class='ocrx_word' id='word_1_224' title='bbox 927 1850 1129 1890; x_wconf 80' lang='lat' dir='ltr'>beneficia</span> <span class='ocrx_word' id='word_1_225' title='bbox 1149 1853 1412 1904; x_wconf 86' lang='lat' dir='ltr'>‘corrumpet.</span> <span class='ocrx_word' id='word_1_226' title='bbox 1475 1853 1549 1892; x_wconf 91' lang='lat' dir='ltr'>erit</span> <span class='ocrx_word' id='word_1_227' title='bbox 1581 1853 1740 1904; x_wconf 84' lang='lat' dir='ltr'>Diony-</span> 
     </span>
    </p>
   </div>
   <div class='ocr_carea' id='block_1_3' title="bbox 118 2024 1607 2060">
    <p class='ocr_par' dir='ltr' id='par_1_8' title="bbox 118 2024 1607 2060">
     <span class='ocr_line' id='line_1_26' title="bbox 118 2024 1607 2060; baseline 0.001 -2"><span class='ocrx_word' id='word_1_228' title='bbox 118 2025 138 2058; x_wconf 60' lang='grc' dir='ltr'>ζ)</span> <span class='ocrx_word' id='word_1_229' title='bbox 174 2036 257 2056; x_wconf 68' lang='lat' dir='ltr'>esses</span> <span class='ocrx_word' id='word_1_230' title='bbox 292 2029 390 2056; x_wconf 68' lang='lat' dir='ltr'>status</span> <span class='ocrx_word' id='word_1_231' title='bbox 426 2024 646 2059; x_wconf 75' lang='lat' dir='ltr'>deteriores:</span> <span class='ocrx_word' id='word_1_232' title='bbox 685 2037 752 2057; x_wconf 65' lang='lat' dir='ltr'>esse</span> <span class='ocrx_word' id='word_1_233' title='bbox 778 2030 876 2058; x_wconf 68' lang='lat' dir='ltr'>status</span> <span class='ocrx_word' id='word_1_234' title='bbox 1013 2028 1031 2057; x_wconf 69' lang='lat'>:3</span> <span class='ocrx_word' id='word_1_235' title='bbox 1059 2038 1226 2059; x_wconf 76' lang='lat' dir='ltr'>suracusas</span> <span class='ocrx_word' id='word_1_236' title='bbox 1308 2048 1314 2051; x_wconf 86' lang='lat'><em>-</em></span> <span class='ocrx_word' id='word_1_237' title='bbox 1364 2029 1576 2060; x_wconf 79' lang='lat' dir='ltr'>incommoda</span> <span class='ocrx_word' id='word_1_238' title='bbox 1589 2040 1607 2059; x_wconf 72' lang='lat'>÷÷:-</span> 
     </span>
    </p>
   </div>
   <div class='ocr_carea' id='block_1_4' title="bbox 118 2094 1741 2164">
    <p class='ocr_par' dir='ltr' id='par_1_9' title="bbox 118 2094 1741 2164">
     <span class='ocr_line' id='line_1_27' title="bbox 405 2094 1414 2111; baseline 0.013 -13"><span class='ocrx_word' id='word_1_239' title='bbox 405 2094 426 2107; x_wconf 51' lang='lat' dir='ltr'>a</span> <span class='ocrx_word' id='word_1_240' title='bbox 1397 2095 1414 2111; x_wconf 91' lang='lat' dir='ltr'>n</span> 
     </span>
     <span class='ocr_line' id='line_1_28' title="bbox 118 2103 1741 2164; baseline 0.002 -12"><span class='ocrx_word' id='word_1_241' title='bbox 118 2119 138 2152; x_wconf 77' lang='grc'><em>4</em></span> <span class='ocrx_word' id='word_1_242' title='bbox 166 2103 427 2161; x_wconf 60' lang='lat' dir='ltr'>peregrinationlb</span> <span class='ocrx_word' id='word_1_243' title='bbox 447 2125 498 2160; x_wconf 77' lang='lat' dir='ltr'>tue</span> <span class='ocrx_word' id='word_1_244' title='bbox 605 2120 624 2153; x_wconf 77' lang='grc'>5</span> <span class='ocrx_word' id='word_1_245' title='bbox 651 2132 734 2161; x_wconf 82' lang='lat' dir='ltr'>quae</span> <span class='ocrx_word' id='word_1_246' title='bbox 752 2122 862 2152; x_wconf 82' lang='lat' dir='ltr'>mirari</span> <span class='ocrx_word' id='word_1_247' title='bbox 881 2123 984 2163; x_wconf 68' lang='lat' dir='ltr'>possis</span> <span class='ocrx_word' id='word_1_248' title='bbox 1015 2120 1085 2154; x_wconf 73' lang='lat' dir='ltr'>E&#39;:</span> <span class='ocrx_word' id='word_1_249' title='bbox 1115 2133 1176 2163; x_wconf 88' lang='lat' dir='ltr'>que</span> <span class='ocrx_word' id='word_1_250' title='bbox 1194 2123 1303 2153; x_wconf 84' lang='lat' dir='ltr'>mirari</span> <span class='ocrx_word' id='word_1_251' title='bbox 1323 2124 1421 2164; x_wconf 77' lang='lat' dir='ltr'>possit</span> <span class='ocrx_word' id='word_1_252' title='bbox 1527 2126 1545 2155; x_wconf 78' lang='lat' dir='ltr'>li</span> <span class='ocrx_word' id='word_1_253' title='bbox 1574 2119 1741 2156; x_wconf 77' lang='lat' dir='ltr'>ambitalia</span> 
     </span>
    </p>
   </div>
   <div class='ocr_carea' id='block_1_5' title="bbox 118 2177 1742 2510">
    <p class='ocr_par' dir='ltr' id='par_1_10' title="bbox 118 2177 1742 2510">
     <span class='ocr_line' id='line_1_29' title="bbox 237 2177 1741 2223; baseline 0.003 -14"><span class='ocrx_word' id='word_1_254' title='bbox 237 2181 257 2209; x_wconf 60' lang='lat' dir='ltr'>u</span> <span class='ocrx_word' id='word_1_255' title='bbox 285 2180 497 2220; x_wconf 76' lang='lat' dir='ltr'>perstringere</span> <span class='ocrx_word' id='word_1_256' title='bbox 522 2177 736 2212; x_wconf 73' lang='lat' dir='ltr'>I&#39;incimms:</span> <span class='ocrx_word' id='word_1_257' title='bbox 768 2182 958 2220; x_wconf 80' lang='lat' dir='ltr'>restringere</span> <span class='ocrx_word' id='word_1_258' title='bbox 1092 2181 1127 2212; x_wconf 71' lang='lat' dir='ltr'>lu</span> <span class='ocrx_word' id='word_1_259' title='bbox 1154 2182 1357 2222; x_wconf 79' lang='lat' dir='ltr'>Charybdim</span> <span class='ocrx_word' id='word_1_260' title='bbox 1385 2183 1538 2223; x_wconf 76' lang='lat' dir='ltr'>quamdiu</span> <span class='ocrx_word' id='word_1_261' title='bbox 1565 2185 1606 2213; x_wconf 80' lang='lat' dir='ltr'>ab</span> <span class='ocrx_word' id='word_1_262' title='bbox 1634 2188 1741 2214; x_wconf 71' lang='lat' dir='ltr'>austro</span> 
     </span>
     <span class='ocr_line' id='line_1_30' title="bbox 119 2235 1741 2284; baseline 0.001 -15"><span class='ocrx_word' id='word_1_263' title='bbox 119 2244 229 2277; x_wconf 83' lang='lat' dir='ltr'>uacat,</span> <span class='ocrx_word' id='word_1_264' title='bbox 265 2243 295 2268; x_wconf 84' lang='lat' dir='ltr'>at</span> <span class='ocrx_word' id='word_1_265' title='bbox 329 2239 354 2268; x_wconf 90' lang='lat' dir='ltr'>si</span> <span class='ocrx_word' id='word_1_266' title='bbox 388 2238 464 2278; x_wconf 84' lang='lat' dir='ltr'>quid</span> <span class='ocrx_word' id='word_1_267' title='bbox 492 2235 740 2282; x_wconf 61' lang='lat' dir='ltr'>Bonfsllrsl&#39;us:</span> <span class='ocrx_word' id='word_1_268' title='bbox 778 2239 927 2269; x_wconf 81' lang='lat' dir='ltr'>charibdi</span> <span class='ocrx_word' id='word_1_269' title='bbox 964 2240 1164 2280; x_wconf 64' lang='lat' dir='ltr'>aquatn,111u</span> <span class='ocrx_word' id='word_1_270' title='bbox 1201 2241 1353 2271; x_wconf 67' lang='lat' dir='ltr'>amusim</span> <span class='ocrx_word' id='word_1_271' title='bbox 1389 2245 1482 2272; x_wconf 75' lang='lat' dir='ltr'>uacat</span> <span class='ocrx_word' id='word_1_272' title='bbox 1517 2244 1537 2273; x_wconf 75' lang='grc' dir='ltr'>ῖι</span> <span class='ocrx_word' id='word_1_273' title='bbox 1572 2248 1600 2272; x_wconf 86' lang='lat' dir='ltr'>at</span> <span class='ocrx_word' id='word_1_274' title='bbox 1637 2243 1741 2284; x_wconf 80' lang='lat' dir='ltr'>siquid</span> 
     </span>
     <span class='ocr_line' id='line_1_31' title="bbox 121 2294 1741 2342; baseline 0.003 -13"><span class='ocrx_word' id='word_1_275' title='bbox 121 2298 155 2329; x_wconf 64' lang='lat' dir='ltr'>(ft</span> <span class='ocrx_word' id='word_1_276' title='bbox 182 2306 223 2328; x_wconf 87' lang='lat' dir='ltr'>m.</span> <span class='ocrx_word' id='word_1_277' title='bbox 253 2297 272 2329; x_wconf 81' lang='grc'>2</span> <span class='ocrx_word' id='word_1_278' title='bbox 306 2294 407 2329; x_wconf 78' lang='lat' dir='ltr'>mella</span> <span class='ocrx_word' id='word_1_279' title='bbox 432 2306 585 2333; x_wconf 55' lang='lat' dir='ltr'>mmmmm</span> <span class='ocrx_word' id='word_1_280' title='bbox 623 2297 656 2329; x_wconf 72' lang='lat' dir='ltr'>in</span> <span class='ocrx_word' id='word_1_281' title='bbox 684 2298 759 2338; x_wconf 77' lang='lat' dir='ltr'>quid</span> <span class='ocrx_word' id='word_1_282' title='bbox 788 2298 807 2328; x_wconf 87' lang='lat' dir='ltr'>d</span> <span class='ocrx_word' id='word_1_283' title='bbox 835 2307 946 2337; x_wconf 72' lang='lat' dir='ltr'>corr.)</span> <span class='ocrx_word' id='word_1_284' title='bbox 1092 2298 1127 2330; x_wconf 77' lang='grc' dir='ltr'>Ιῖ)</span> <span class='ocrx_word' id='word_1_285' title='bbox 1163 2299 1299 2340; x_wconf 68' lang='lat' dir='ltr'>iuipsum</span> <span class='ocrx_word' id='word_1_286' title='bbox 1329 2298 1406 2332; x_wconf 77' lang='lat' dir='ltr'>cod.</span> <span class='ocrx_word' id='word_1_287' title='bbox 1434 2300 1592 2342; x_wconf 76' lang='lat' dir='ltr'>inlapsum</span> <span class='ocrx_word' id='word_1_288' title='bbox 1623 2299 1741 2339; x_wconf 69' lang='lat' dir='ltr'>Gel‘l2,</span> 
     </span>
     <span class='ocr_line' id='line_1_32' title="bbox 118 2348 1742 2401; baseline 0.002 -14"><span class='ocrx_word' id='word_1_289' title='bbox 118 2366 195 2388; x_wconf 78' lang='lat' dir='ltr'>cum</span> <span class='ocrx_word' id='word_1_290' title='bbox 230 2356 302 2388; x_wconf 84' lang='lat' dir='ltr'>iam</span> <span class='ocrx_word' id='word_1_291' title='bbox 335 2355 542 2399; x_wconf 71' lang='lat' dir='ltr'>superiores</span> <span class='ocrx_word' id='word_1_292' title='bbox 579 2354 737 2390; x_wconf 74' lang='lat' dir='ltr'>editores</span> <span class='ocrx_word' id='word_1_293' title='bbox 770 2355 826 2389; x_wconf 73' lang='lat' dir='ltr'>hic</span> <span class='ocrx_word' id='word_1_294' title='bbox 862 2357 1093 2401; x_wconf 71' lang='lat' dir='ltr'>participium</span> <span class='ocrx_word' id='word_1_295' title='bbox 1129 2348 1242 2390; x_wconf 53' lang='lat' dir='ltr'>latere</span> <span class='ocrx_word' id='word_1_296' title='bbox 1277 2356 1447 2391; x_wconf 71' lang='lat' dir='ltr'>uidissem</span> <span class='ocrx_word' id='word_1_297' title='bbox 1481 2364 1514 2392; x_wconf 81' lang='lat' dir='ltr'>el</span> <span class='ocrx_word' id='word_1_298' title='bbox 1553 2357 1742 2393; x_wconf 69' lang='lat' dir='ltr'>Pincianus</span> 
     </span>
     <span class='ocr_line' id='line_1_33' title="bbox 118 2412 1741 2460; baseline 0.003 -15"><span class='ocrx_word' id='word_1_299' title='bbox 118 2416 301 2453; x_wconf 75' lang='lat' dir='ltr'>inmersum,</span> <span class='ocrx_word' id='word_1_300' title='bbox 322 2412 506 2448; x_wconf 68' lang='lat' dir='ltr'>Rabenius</span> <span class='ocrx_word' id='word_1_301' title='bbox 531 2416 710 2455; x_wconf 61' lang='lat' dir='ltr'>inmissum,</span> <span class='ocrx_word' id='word_1_302' title='bbox 734 2413 885 2459; x_wconf 70' lang='lat' dir='ltr'>Madqu</span> <span class='ocrx_word' id='word_1_303' title='bbox 906 2417 1114 2457; x_wconf 75' lang='lat' dir='ltr'>interceptum</span> <span class='ocrx_word' id='word_1_304' title='bbox 1130 2417 1403 2460; x_wconf 73' lang='lat' dir='ltr'>proposuissent</span> <span class='ocrx_word' id='word_1_305' title='bbox 1517 2431 1533 2449; x_wconf 75' lang='lat' dir='ltr'>a</span> <span class='ocrx_word' id='word_1_306' title='bbox 1554 2420 1741 2450; x_wconf 72' lang='lat' dir='ltr'>confusione</span> 
     </span>
     <span class='ocr_line' id='line_1_34' title="bbox 118 2472 1616 2510; baseline 0.002 -4"><span class='ocrx_word' id='word_1_307' title='bbox 118 2472 335 2506; x_wconf 75' lang='lat' dir='ltr'>deteriores:</span> <span class='ocrx_word' id='word_1_308' title='bbox 365 2473 407 2503; x_wconf 87' lang='lat' dir='ltr'>ad</span> <span class='ocrx_word' id='word_1_309' title='bbox 433 2473 624 2505; x_wconf 58' lang='lat' dir='ltr'>confusione</span> <span class='ocrx_word' id='word_1_310' title='bbox 769 2474 804 2506; x_wconf 64' lang='lat' dir='ltr'>lt}</span> <span class='ocrx_word' id='word_1_311' title='bbox 831 2475 914 2505; x_wconf 82' lang='lat' dir='ltr'>unde</span> <span class='ocrx_word' id='word_1_312' title='bbox 1049 2474 1082 2507; x_wconf 65' lang='lat' dir='ltr'>Is</span> <span class='ocrx_word' id='word_1_313' title='bbox 1111 2475 1242 2506; x_wconf 78' lang='lat' dir='ltr'>tutelam</span> <span class='ocrx_word' id='word_1_314' title='bbox 1271 2474 1489 2510; x_wconf 73' lang='lat' dir='ltr'>deteriores:</span> <span class='ocrx_word' id='word_1_315' title='bbox 1519 2479 1616 2509; x_wconf 84' lang='lat' dir='ltr'>tutela</span> 
     </span>
    </p>
   </div>
   <div class='ocr_carea' id='block_1_6' title="bbox 119 2531 1738 2575">
    <p class='ocr_par' dir='ltr' id='par_1_11' title="bbox 119 2531 1738 2575">
     <span class='ocr_line' id='line_1_35' title="bbox 119 2531 1738 2575; baseline 0.001 -10"><span class='ocrx_word' id='word_1_316' title='bbox 119 2532 161 2565; x_wconf 42' lang='lat'>11⁸*</span> <span class='ocrx_word' id='word_1_317' title='bbox 188 2544 300 2564; x_wconf 88' lang='lat' dir='ltr'>manus</span> <span class='ocrx_word' id='word_1_318' title='bbox 335 2531 439 2566; x_wconf 82' lang='lat' dir='ltr'>dett.:</span> <span class='ocrx_word' id='word_1_319' title='bbox 468 2543 582 2564; x_wconf 87' lang='lat' dir='ltr'>munus</span> <span class='ocrx_word' id='word_1_320' title='bbox 719 2535 957 2575; x_wconf 81' lang='lat' dir='ltr'>tempestatium</span> <span class='ocrx_word' id='word_1_321' title='bbox 1101 2533 1138 2566; x_wconf 78' lang='grc'>19</span> <span class='ocrx_word' id='word_1_322' title='bbox 1174 2535 1270 2565; x_wconf 77' lang='lat' dir='ltr'>furori</span> <span class='ocrx_word' id='word_1_323' title='bbox 1298 2536 1387 2567; x_wconf 74' lang='lat' dir='ltr'>locus</span> <span class='ocrx_word' id='word_1_324' title='bbox 1420 2534 1498 2570; x_wconf 80' lang='lat' dir='ltr'>cod.</span> <span class='ocrx_word' id='word_1_325' title='bbox 1528 2537 1615 2567; x_wconf 79' lang='lat' dir='ltr'>locus</span> <span class='ocrx_word' id='word_1_326' title='bbox 1643 2536 1738 2567; x_wconf 80' lang='lat' dir='ltr'>furori</span> 
     </span>
    </p>
   </div>
   <div class='ocr_carea' id='block_1_7' title="bbox 117 2599 1739 2662">
    <p class='ocr_par' dir='ltr' id='par_1_12' title="bbox 117 2599 1739 2662">
     <span class='ocr_line' id='line_1_36' title="bbox 117 2599 1739 2662; baseline 0.002 -15"><span class='ocrx_word' id='word_1_327' title='bbox 117 2614 227 2661; x_wconf 70' lang='lat' dir='ltr'>uulqo</span> <span class='ocrx_word' id='word_1_328' title='bbox 363 2614 408 2648; x_wconf 69' lang='lat'>20</span> <span class='ocrx_word' id='word_1_329' title='bbox 441 2616 612 2648; x_wconf 68' lang='lat' dir='ltr'>altitudine</span> <span class='ocrx_word' id='word_1_330' title='bbox 639 2599 716 2615; x_wconf 57' lang='lat' dir='ltr'>sam</span> <span class='ocrx_word' id='word_1_331' title='bbox 743 2616 887 2648; x_wconf 76' lang='lat' dir='ltr'>nauliuos</span> <span class='ocrx_word' id='word_1_332' title='bbox 920 2615 997 2650; x_wconf 82' lang='lat' dir='ltr'>cod.</span> <span class='ocrx_word' id='word_1_333' title='bbox 1034 2617 1156 2647; x_wconf 86' lang='lat' dir='ltr'>natiuus</span> <span class='ocrx_word' id='word_1_334' title='bbox 1181 2615 1338 2661; x_wconf 75' lang='lat' dir='ltr'>Lipsius.</span> <span class='ocrx_word' id='word_1_335' title='bbox 1369 2616 1526 2651; x_wconf 70' lang='lat' dir='ltr'>Ceterum</span> <span class='ocrx_word' id='word_1_336' title='bbox 1554 2616 1739 2662; x_wconf 70' lang='lat' dir='ltr'>aliquanto</span> 
     </span>
    </p>
   </div>
   <div class='ocr_carea' id='block_1_8' title="bbox 117 2673 1738 2894">
    <p class='ocr_par' dir='ltr' id='par_1_13' title="bbox 117 2673 1738 2894">
     <span class='ocr_line' id='line_1_37' title="bbox 118 2673 1737 2718; baseline 0 -11"><span class='ocrx_word' id='word_1_337' title='bbox 118 2673 368 2718; x_wconf 51' lang='lat' dir='ltr'>clementiorem</span> <span class='ocrx_word' id='word_1_338' title='bbox 403 2673 556 2718; x_wconf 78' lang='lat' dir='ltr'>speciem</span> <span class='ocrx_word' id='word_1_339' title='bbox 590 2673 692 2708; x_wconf 82' lang='lat' dir='ltr'>locus</span> <span class='ocrx_word' id='word_1_340' title='bbox 726 2673 911 2714; x_wconf 71' lang='grc' dir='ltr'>ιἠάιιενεί,</span> <span class='ocrx_word' id='word_1_341' title='bbox 945 2674 979 2708; x_wconf 74' lang='lat' dir='ltr'>si</span> <span class='ocrx_word' id='word_1_342' title='bbox 1002 2674 1116 2708; x_wconf 80' lang='lat' dir='ltr'>allero</span> <span class='ocrx_word' id='word_1_343' title='bbox 1151 2676 1204 2706; x_wconf 90' lang='lat' dir='ltr'>ubi</span> <span class='ocrx_word' id='word_1_344' title='bbox 1233 2674 1365 2711; x_wconf 72' lang='lat' dir='ltr'>deleto.</span> <span class='ocrx_word' id='word_1_345' title='bbox 1401 2676 1449 2710; x_wconf 79' lang='lat' dir='ltr'>ita</span> <span class='ocrx_word' id='word_1_346' title='bbox 1477 2682 1512 2709; x_wconf 82' lang='lat' dir='ltr'>nl</span> <span class='ocrx_word' id='word_1_347' title='bbox 1540 2678 1737 2708; x_wconf 83' lang='lat' dir='ltr'>Athenarum</span> 
     </span>
     <span class='ocr_line' id='line_1_38' title="bbox 118 2731 1738 2778; baseline 0 -13"><span class='ocrx_word' id='word_1_348' title='bbox 118 2734 262 2774; x_wconf 80' lang='lat' dir='ltr'>potentia</span> <span class='ocrx_word' id='word_1_349' title='bbox 289 2733 390 2764; x_wconf 80' lang='lat' dir='ltr'>fracta</span> <span class='ocrx_word' id='word_1_350' title='bbox 419 2743 492 2778; x_wconf 79' lang='lat' dir='ltr'>pro</span> <span class='ocrx_word' id='word_1_351' title='bbox 518 2731 676 2766; x_wconf 76' lang='lat' dir='ltr'>ablatz&#39;no</span> <span class='ocrx_word' id='word_1_352' title='bbox 702 2732 866 2767; x_wconf 79' lang='lat' dir='ltr'>absoluto</span> <span class='ocrx_word' id='word_1_353' title='bbox 892 2739 1028 2774; x_wconf 74' lang='lat' dir='ltr'>esseut,</span> <span class='ocrx_word' id='word_1_354' title='bbox 1053 2732 1273 2768; x_wconf 74' lang='lat' dir='ltr'>scriberetur</span> <span class='ocrx_word' id='word_1_355' title='bbox 1298 2735 1459 2767; x_wconf 81' lang='lat' dir='ltr'>incluserit</span> <span class='ocrx_word' id='word_1_356' title='bbox 1580 2736 1621 2768; x_wconf 68' lang='lat'>21</span> <span class='ocrx_word' id='word_1_357' title='bbox 1651 2736 1738 2766; x_wconf 86' lang='lat' dir='ltr'>terri-</span> 
     </span>
     <span class='ocr_line' id='line_1_39' title="bbox 117 2790 1738 2835; baseline 0.001 -12"><span class='ocrx_word' id='word_1_358' title='bbox 117 2793 234 2823; x_wconf 84' lang='lat' dir='ltr'>torium</span> <span class='ocrx_word' id='word_1_359' title='bbox 262 2790 478 2825; x_wconf 73' lang='lat' dir='ltr'>deteriores:</span> <span class='ocrx_word' id='word_1_360' title='bbox 507 2793 632 2824; x_wconf 88' lang='lat' dir='ltr'>territor</span> <span class='ocrx_word' id='word_1_361' title='bbox 745 2794 789 2826; x_wconf 71' lang='lat'>232</span> <span class='ocrx_word' id='word_1_362' title='bbox 815 2793 1018 2834; x_wconf 86' lang='lat' dir='ltr'>tepidissima</span> <span class='ocrx_word' id='word_1_363' title='bbox 1038 2790 1254 2825; x_wconf 77' lang='lat' dir='ltr'>Pincianus:</span> <span class='ocrx_word' id='word_1_364' title='bbox 1284 2794 1484 2835; x_wconf 83' lang='lat' dir='ltr'>lepidissima</span> <span class='ocrx_word' id='word_1_365' title='bbox 1597 2794 1639 2827; x_wconf 67' lang='lat'>24</span> <span class='ocrx_word' id='word_1_366' title='bbox 1668 2805 1738 2824; x_wconf 82' lang='lat' dir='ltr'>cor-</span> 
     </span>
     <span class='ocr_line' id='line_1_40' title="bbox 121 2850 915 2894; baseline 0 -13"><span class='ocrx_word' id='word_1_367' title='bbox 121 2857 244 2892; x_wconf 84' lang='lat' dir='ltr'>rumpet</span> <span class='ocrx_word' id='word_1_368' title='bbox 271 2850 433 2894; x_wconf 74' lang='lat' dir='ltr'>Lipsius:</span> <span class='ocrx_word' id='word_1_369' title='bbox 463 2852 639 2892; x_wconf 80' lang='lat' dir='ltr'>corrumpit</span> <span class='ocrx_word' id='word_1_370' title='bbox 761 2852 915 2882; x_wconf 66' lang='lat' dir='ltr'>dionisius</span> 
     </span>
    </p>
   </div>
  </div>
 </body>
</html>
