2008 3221
239 152 317 191 102
718 141 822 168 DlAL.
845 140 867 164 V
920 139 971 164 DE
992 139 1058 164 IRA
1082 137 1154 165 Lm.
1178 137 1230 164 [Π.
1273 138 1312 163 18.
1337 138 1376 162 19.

232 246 387 285 facinus
420 254 567 282 manus
599 241 823 280 exercens?
866 238 898 277 is
930 237 1043 276 illurn
1076 241 1172 276 ante
1204 235 1376 274 bustum
1410 232 1463 287 Q.
1498 232 1632 273 Catuli
1664 231 1864 284 carpebat

233 315 498 367 grauissimus
531 310 734 351 mitissimi
767 310 840 349 uiri
872 307 1093 355 cineribus,
1135 319 1261 359 supra
1301 318 1408 357 quos
1451 304 1510 343 uir
1541 303 1638 344 mali
1670 302 1865 355 exempli,

232 386 442 440 popularis
489 390 632 423 tamen
674 387 716 421 et
764 394 850 420 non
892 386 978 419 tam
1022 377 1216 417 inmer'ito
1258 389 1385 428 quarn
1428 375 1547 414 nimis
1589 380 1752 414 amatus
1793 386 1867 426 per

233 456 433 497 stillicidia
464 454 710 507 sanguinem
744 451 884 491 dabat.
949 450 1098 502 dignus
1131 454 1219 487 erat
1252 447 1407 486 Marius
1439 446 1508 501 qui
1545 445 1613 485 illa
1644 449 1868 498 pateretur,

199 543 212 564 ε,
234 527 347 567 Sulla
378 527 447 578 qui
479 525 651 572 iuberet,
685 522 860 563 Catilina
891 522 961 574 qui
993 520 1158 567 faceret,
1191 519 1267 558 sed
1298 518 1468 570 indigna
1498 515 1731 569 respublica
1762 527 1869 566 quae

233 600 272 638 in
304 611 456 650 corpus
488 609 608 636 suum
650 595 804 648 pariter
847 599 889 632 et
920 591 1104 631 hostium
1138 596 1180 629 et
1212 588 1421 628 uindicum
1460 587 1624 640 gladios
1656 587 1867 639 reciperet.

233 669 331 722 quid
374 668 543 719 antiqua
580 666 842 719 perscrutor?
887 663 1018 703 modo
1054 661 1098 702 C.
1132 660 1286 700 Caesar
1319 658 1500 699 Sextum
1534 658 1771 711 Papinium,
1805 656 1867 696 cui
1895 667 1914 701 3

234 748 353 794 pater
385 745 474 780 erat
517 737 765 784 consularis,
797 734 1043 775 Betilienum
1076 733 1253 772 Bassum
1285 736 1554 783 quaestorem
1586 742 1729 777 suurn,
1771 741 1866 780 pro-

236 813 436 852 curatoris
468 810 528 849 sui
559 808 700 856 filiurn,
733 806 918 858 aliosque
952 811 993 844 et
1025 809 1240 844 senatores
1274 809 1314 841 et
1347 801 1507 854 equites
1535 800 1755 839 Romanos
1787 812 1869 837 uno

185 898 214 922 ιο
235 883 301 923 die
334 881 507 934 flagellis
530 880 689 927 cecidit,
722 878 854 925 torsit,
886 890 971 916 non
1003 874 1257 928 quaestionis
1289 873 1365 912 sed
1387 872 1511 911 animi
1533 884 1671 911 causa.
1721 869 1871 910 deinde
1898 879 1913 912 4

234 955 342 994 adeo
375 953 578 1005 inpatiens
611 950 684 990 fuit
717 948 973 989 differendae
1018 945 1263 998 uoluptatis,
1305 957 1431 996 quam
1474 943 1619 995 ingens
1651 940 1871 981 crudelitas

234 1026 319 1065 eius
351 1024 438 1063 sine
471 1022 668 1063 dilatione
699 1020 924 1074 poscebat,
968 1024 1013 1058 ut
1055 1019 1094 1056 in
1139 1022 1269 1069 xysto
1314 1022 1598 1055 maternorum
1638 1013 1871 1064 hortorum,

233 1097 301 1149 qui
333 1095 541 1148 porticum
574 1107 598 1133 a
630 1093 717 1145 ripa
748 1099 929 1144 separat,
972 1087 1233 1129 inambulans
1267 1100 1362 1126 cum
1395 1085 1596 1125 matronis
1629 1090 1755 1136 atque
1787 1082 1873 1122 aliis

234 1166 497 1207 senatoribus
519 1165 728 1218 quosdam
763 1176 817 1202 ex
840 1161 913 1201 illis
947 1162 1001 1200 ad
1023 1160 1234 1199 lucernam
1260 1156 1499 1197 decollaret.
1542 1156 1640 1208 quid
1663 1154 1870 1194 instabat?

185 1254 214 1278 15
234 1240 351 1291 quod
393 1236 619 1290 periculum
663 1241 733 1274 aut
776 1234 983 1286 priuatum
1027 1237 1097 1270 aut
1129 1229 1339 1283 publicum
1380 1241 1461 1267 una
1492 1241 1580 1266 nox
1614 1226 1871 1266 minabatur?

234 1309 479 1362 quantulum
513 1307 585 1347 fuit
617 1306 753 1346 lucem
787 1309 1012 1357 expectare
1046 1302 1243 1353 denique,
1277 1314 1328 1340 ne
1361 1305 1576 1339 senatores
1609 1296 1750 1350 populi
1784 1297 1869 1335 Ro-

235 1381 345 1421 mani
377 1380 560 1419 soleatus
593 1378 826 1417 occideret?

353 1450 468 1490 XIX.
523 1449 663 1502 Quam
706 1447 887 1500 superba
928 1445 1047 1485 fuerit
1091 1443 1311 1484 crudelitas
1355 1442 1440 1482 eius
1479 1442 1534 1481 acl
1566 1454 1654 1479 rem
1688 1439 1868 1492 pertinet
1901 1448 1907 1481 1

234 1524 349 1571 scire,
381 1534 637 1575 quamquam
668 1519 863 1559 aberrare
886 1517 1003 1557 alicui
1025 1515 1235 1569 possimus
1258 1513 1387 1553 uideri
1412 1518 1453 1552 et
1476 1512 1516 1551 in
1538 1511 1705 1551 deuium
1729 1510 1868 1550 exire:

182 1608 214 1633 20
235 1596 311 1635 sed
352 1594 435 1634 hoc
477 1594 611 1646 ipsum
654 1604 749 1644 pars
790 1590 864 1630 erit
909 1589 993 1628 irae
1034 1600 1158 1639 super
1199 1585 1322 1625 solita
1364 1583 1597 1624 saeuientis.
1666 1582 1874 1622 ceciderat

237 1665 410 1718 flagellis
443 1671 685 1704 senatores:
734 1662 821 1715 ipse
855 1660 1002 1708 effecit,
1035 1665 1078 1698 ut
1101 1658 1180 1698 dici
1201 1662 1369 1710 posset:
1416 1654 1524 1695 solet
1546 1653 1641 1693 fieri.
1696 1658 1874 1692 torserat

236 1751 309 1791 per
343 1738 483 1777 omnia
515 1748 621 1788 quae
654 1736 693 1773 in
722 1746 859 1773 rerum
889 1738 1035 1771 natura
1056 1730 1290 1769 tristissima
1311 1733 1417 1775 sunt,
1450 1724 1633 1772 fidiculis,
1666 1723 1873 1772 talaribus,

237 1808 398 1857 eculeO,
442 1809 559 1860 igne,
603 1804 717 1846 uoltu
760 1817 847 1843 suo.
917 1809 958 1842 et
1001 1802 1083 1841 hoc
1121 1800 1216 1840 loco
1260 1797 1608 1851 respondebitur:
1674 1807 1872 1847 magnam

237 1882 353 1920 rem!
410 1881 441 1918 si
483 1885 567 1918 tres
609 1883 825 1916 senatores
869 1875 984 1927 quasi
1026 1885 1207 1924 nequam
1253 1870 1457 1922 mancipia
1488 1869 1594 1907 inter
1627 1866 1801 1906 uerbera
1832 1871 1874 1905 et

184 1967 217 1991 25
239 1951 430 1990 flammas
474 1950 611 1989 diuisit
653 1948 802 1994 bomo,
846 1947 914 1999 qui
956 1944 1008 1984 de
1052 1950 1144 1984 toto
1188 1948 1332 1982 senatu
1366 1940 1615 1981 trucidando
1648 1937 1876 1990 cogitabat,

238 2025 307 2075 qui
350 2021 543 2074 optabat,
597 2025 641 2058 ut
683 2017 863 2072 populus
906 2016 1125 2056 Romanus
1169 2026 1293 2053 unam
1338 2013 1541 2052 ceruicem
1586 2009 1779 2057 haberet,
1833 2013 1875 2047 ut

237 2094 395 2134 scelera
436 2106 509 2133 sua
552 2098 617 2131 tot
660 2090 762 2130 locis
805 2102 853 2128 ac
892 2086 1154 2140 temporibus
1197 2085 1369 2125 diducta
1412 2085 1450 2125 in
1494 2095 1621 2121 unum
1664 2082 1790 2120 ictum
1834 2085 1875 2118 et

240 2179 366 2206 unum
401 2165 512 2204 diem
546 2167 731 2215 cogeret.
784 2161 884 2214 quid
906 2165 994 2198 tam
1028 2147 1257 2197 inauditum
1280 2168 1407 2209 quam
1440 2160 1689 2193 nocturnum
1723 2150 1876 2204 suppli-

240 2239 370 2277 cium?
406 2249 500 2275 cum
540 2234 753 2275 latrocinia
786 2232 971 2272 tenebris
1015 2228 1216 2270 abscondi
1259 2226 1439 2269 soleant,
1484 2224 1878 2269 animaduersiones,

1900 1802 1920 1836 &0

361 2440 367 2470 l
401 2448 551 2470 exercens
578 2420 600 2466 ¹1<
628 2436 685 2467 illu
794 2433 893 2475 quinti
922 2432 1019 2463 catuli
1128 2429 1142 2462 Ῑ
1176 2420 1216 2463 G.
1245 2439 1336 2467 cesar
1455 2427 1487 2459 ll
1520 2426 1632 2467 ingens
1660 2422 1876 2457 Pincianus:

242 2501 406 2538 ingentem
535 2497 571 2528 155
601 2494 805 2526 inambulans
832 2504 903 2524 cum
932 2490 1089 2522 matronis
1116 2493 1211 2530 alque
1238 2488 1309 2518 aliis
1336 2486 1539 2518 senatoribus
1565 2484 1725 2525 quosdam
1753 2493 1790 2514 ex
1818 2482 1879 2513 illis

1365 2538 1374 2557 t

247 2592 406 2638 Lipsius:
445 2591 650 2622 inambulans
686 2589 845 2630 quosdam
882 2598 919 2618 ex
947 2586 1008 2617 illis·
1036 2596 1108 2616 cum
1145 2583 1302 2614 matronis
1329 2569 1435 2622 agique
1462 2581 1533 2611 aliis
1559 2578 1763 2611 senatoribus
1789 2575 1880 2618 cod„

242 2663 311 2697 qno
339 2651 467 2686 ordine
494 2655 631 2684 relevem
661 2648 766 2682 Get-l:
806 2658 877 2678 cum
907 2646 940 2678 iu
969 2656 1080 2677 coram
1110 2641 1319 2676 »tutandum
1346 2650 1423 2675 esse
1449 2644 1569 2673 censet
1720 2636 1757 2670 19
1785 2636 1880 2667 alicui

247 2711 412 2746 Fickert:
443 2711 539 2751 aliqui
671 2708 715 2741 24)
743 2709 787 2748 ἰτς
814 2718 873 2747 ειη»
902 2707 997 2750 (pasl
1025 2705 1069 2743 ire
1096 2706 1184 2744 ras.)
1247 2699 1252 2703 ⁴
1322 2701 1362 2734 21
1394 2702 1501 2741 posset
1529 2696 1620 2739 cod„
1646 2696 1727 2730 ilem
1755 2693 1881 2739 Neap„

243 2769 426 2810 Muretus,
464 2768 627 2813 Lipsius-5.
670 2768 770 2809 possit
802 2775 958 2811 prorsus
994 2762 1157 2797 inmerito
1194 2760 1308 2805 Βίμὶ,
1342 2757 1441 2804 quod
1474 2757 1698 2792 retinuerunt
1732 2752 1881 2788 Fickerl

243 2834 276 2863 et
307 2829 442 2871 Haase,
479 2838 630 2872 qnorum
658 2825 716 2860 ille
742 2827 806 2857 dici
835 2825 933 2867 poss-it
961 2832 1082 2857 onmes
1109 2820 1220 2855 libros
1245 2818 1381 2853 habere
1407 2816 1570 2860 affirmat
1724 2814 1768 2847 23
1796 2813 1881 2844 uultu

359 2890 404 2920 ‘2⁹
431 2898 544 2932 supra
571 2886 869 2917 animaduemmes
897 2894 939 2916 m.
969 2892 1040 2919 rec,
1068 2891 1196 2913 reorum
1225 2879 1408 2921 punitiones
