<?xml version="1.0" encoding="UTF-8"?>
<!DOCTYPE html PUBLIC "-//W3C//DTD XHTML 1.0 Transitional//EN"
    "http://www.w3.org/TR/xhtml1/DTD/xhtml1-transitional.dtd">
<html xmlns="http://www.w3.org/1999/xhtml" xml:lang="en" lang="en">
 <head>
  <title>
</title>
<meta http-equiv="Content-Type" content="text/html;charset=utf-8" />
  <meta name='ocr-system' content='tesseract 3.04.00' />
  <meta name='ocr-capabilities' content='ocr_page ocr_carea ocr_par ocr_line ocrx_word'/>
</head>
<body>
  <div class='ocr_page' id='page_1' title='image "./dialogorumlibrid00seneuoft_0243.png"; bbox 0 0 1977 3231; ppageno 0'>
   <div class='ocr_carea' id='block_1_1' title="bbox 67 658 86 691">
    <p class='ocr_par' dir='ltr' id='par_1_1' title="bbox 67 658 86 691">
     <span class='ocr_line' id='line_1_1' title="bbox 67 658 86 691; textangle 90"><span class='ocrx_word' id='word_1_1' title='bbox 67 658 86 691; x_wconf 65' lang='lat'>10</span> 
     </span>
    </p>
   </div>
   <div class='ocr_carea' id='block_1_2' title="bbox 332 132 1728 173">
    <p class='ocr_par' dir='ltr' id='par_1_2' title="bbox 332 132 1728 173">
     <span class='ocr_line' id='line_1_2' title="bbox 332 132 1728 173; baseline -0.001 -14"><span class='ocrx_word' id='word_1_2' title='bbox 332 133 437 162; x_wconf 82' lang='lat' dir='ltr'><strong>DIAL.</strong></span> <span class='ocrx_word' id='word_1_3' title='bbox 460 134 510 160; x_wconf 86' lang='lat' dir='ltr'>IX.</span> <span class='ocrx_word' id='word_1_4' title='bbox 549 134 604 159; x_wconf 85' lang='lat' dir='ltr'>AD</span> <span class='ocrx_word' id='word_1_5' title='bbox 626 132 813 160; x_wconf 79' lang='lat' dir='ltr'>SERENVM</span> <span class='ocrx_word' id='word_1_6' title='bbox 836 135 887 159; x_wconf 86' lang='lat' dir='ltr'>DE</span> <span class='ocrx_word' id='word_1_7' title='bbox 906 133 1258 165; x_wconf 80' lang='lat' dir='ltr'>TRANQVILLITATE</span> <span class='ocrx_word' id='word_1_8' title='bbox 1278 132 1407 158; x_wconf 80' lang='lat' dir='ltr'>ANIMI.</span> <span class='ocrx_word' id='word_1_9' title='bbox 1445 132 1470 159; x_wconf 77' lang='lat'>7.</span> <span class='ocrx_word' id='word_1_10' title='bbox 1492 132 1517 158; x_wconf 83' lang='lat' dir='ltr'>S.</span> <span class='ocrx_word' id='word_1_11' title='bbox 1646 135 1728 173; x_wconf 74' lang='lat'>205</span> 
     </span>
    </p>
   </div>
   <div class='ocr_carea' id='block_1_3' title="bbox 111 226 1786 913">
    <p class='ocr_par' dir='ltr' id='par_1_3' title="bbox 111 226 1786 913">
     <span class='ocr_line' id='line_1_3' title="bbox 112 226 1726 282; baseline -0.003 -12"><span class='ocrx_word' id='word_1_12' title='bbox 112 244 235 270; x_wconf 87' lang='lat' dir='ltr'>causa</span> <span class='ocrx_word' id='word_1_13' title='bbox 276 231 315 270; x_wconf 91' lang='lat' dir='ltr'>in</span> <span class='ocrx_word' id='word_1_14' title='bbox 357 229 559 282; x_wconf 82' lang='lat' dir='ltr'>querellas</span> <span class='ocrx_word' id='word_1_15' title='bbox 591 230 738 282; x_wconf 88' lang='lat' dir='ltr'>placet.</span> <span class='ocrx_word' id='word_1_16' title='bbox 802 236 965 270; x_wconf 89' lang='lat' dir='ltr'>constet</span> <span class='ocrx_word' id='word_1_17' title='bbox 997 229 1049 269; x_wconf 89' lang='lat' dir='ltr'>illi</span> <span class='ocrx_word' id='word_1_18' title='bbox 1080 229 1174 269; x_wconf 89' lang='lat' dir='ltr'>licet</span> <span class='ocrx_word' id='word_1_19' title='bbox 1205 229 1309 269; x_wconf 80' lang='lat' dir='ltr'>fides</span> <span class='ocrx_word' id='word_1_20' title='bbox 1342 236 1383 269; x_wconf 90' lang='lat' dir='ltr'>et</span> <span class='ocrx_word' id='word_1_21' title='bbox 1414 226 1726 267; x_wconf 88' lang='lat' dir='ltr'>beneuolentia:</span> 
     </span>
     <span class='ocr_line' id='line_1_4' title="bbox 111 299 1732 353; baseline -0.004 -12"><span class='ocrx_word' id='word_1_22' title='bbox 111 300 393 353; x_wconf 84' lang='lat' dir='ltr'>tranquillitati</span> <span class='ocrx_word' id='word_1_23' title='bbox 415 306 557 339; x_wconf 87' lang='lat' dir='ltr'>tamen</span> <span class='ocrx_word' id='word_1_24' title='bbox 579 301 762 340; x_wconf 92' lang='lat' dir='ltr'>inimicus</span> <span class='ocrx_word' id='word_1_25' title='bbox 785 307 848 340; x_wconf 86' lang='lat' dir='ltr'>est</span> <span class='ocrx_word' id='word_1_26' title='bbox 871 314 1012 340; x_wconf 89' lang='lat' dir='ltr'>comes</span> <span class='ocrx_word' id='word_1_27' title='bbox 1034 300 1300 352; x_wconf 88' lang='lat' dir='ltr'>perturbatus</span> <span class='ocrx_word' id='word_1_28' title='bbox 1323 305 1364 339; x_wconf 91' lang='lat' dir='ltr'>et</span> <span class='ocrx_word' id='word_1_29' title='bbox 1387 299 1527 337; x_wconf 86' lang='lat' dir='ltr'>omnia</span> <span class='ocrx_word' id='word_1_30' title='bbox 1548 310 1732 349; x_wconf 82' lang='lat' dir='ltr'><strong>gemens.</strong></span> 
     </span>
     <span class='ocr_line' id='line_1_5' title="bbox 230 368 1731 422; baseline -0.003 -13"><span class='ocrx_word' id='word_1_31' title='bbox 230 370 340 410; x_wconf 89' lang='lat' dir='ltr'>VIII.</span> <span class='ocrx_word' id='word_1_32' title='bbox 413 370 692 409; x_wconf 76' lang='lat' dir='ltr'>Transeamus</span> <span class='ocrx_word' id='word_1_33' title='bbox 743 371 797 410; x_wconf 89' lang='lat' dir='ltr'>ad</span> <span class='ocrx_word' id='word_1_34' title='bbox 849 371 1118 422; x_wconf 88' lang='lat' dir='ltr'>patrimonia,</span> <span class='ocrx_word' id='word_1_35' title='bbox 1178 370 1404 408; x_wconf 78' lang='lat' dir='ltr'>maximam</span> <span class='ocrx_word' id='word_1_36' title='bbox 1458 368 1731 407; x_wconf 88' lang='lat' dir='ltr'>humanarum</span> 
     </span>
     <span class='ocr_line' id='line_1_6' title="bbox 112 438 1730 490; baseline -0.003 -10"><span class='ocrx_word' id='word_1_37' title='bbox 112 454 401 480; x_wconf 79' lang='lat' dir='ltr'>aerumnarum</span> <span class='ocrx_word' id='word_1_38' title='bbox 435 441 662 480; x_wconf 78' lang='lat' dir='ltr'>materiam.</span> <span class='ocrx_word' id='word_1_39' title='bbox 724 454 820 480; x_wconf 90' lang='lat' dir='ltr'>nam</span> <span class='ocrx_word' id='word_1_40' title='bbox 854 441 885 479; x_wconf 93' lang='lat' dir='ltr'>si</span> <span class='ocrx_word' id='word_1_41' title='bbox 918 440 1057 480; x_wconf 81' lang='lat' dir='ltr'>omnia</span> <span class='ocrx_word' id='word_1_42' title='bbox 1089 439 1182 487; x_wconf 87' lang='lat' dir='ltr'>alia,</span> <span class='ocrx_word' id='word_1_43' title='bbox 1222 439 1368 490; x_wconf 91' lang='lat' dir='ltr'>quibus</span> <span class='ocrx_word' id='word_1_44' title='bbox 1401 438 1600 490; x_wconf 78' lang='lat' dir='ltr'>angimur,</span> <span class='ocrx_word' id='word_1_45' title='bbox 1633 450 1730 475; x_wconf 90' lang='lat' dir='ltr'>con-</span> 
     </span>
     <span class='ocr_line' id='line_1_7' title="bbox 112 508 1767 563; baseline -0.004 -12"><span class='ocrx_word' id='word_1_46' title='bbox 112 524 242 563; x_wconf 86' lang='lat' dir='ltr'>pares,</span> <span class='ocrx_word' id='word_1_47' title='bbox 276 517 445 558; x_wconf 88' lang='lat' dir='ltr'>mortes,</span> <span class='ocrx_word' id='word_1_48' title='bbox 477 511 799 562; x_wconf 77' lang='lat' dir='ltr'>aegrotationes,</span> <span class='ocrx_word' id='word_1_49' title='bbox 832 517 980 558; x_wconf 82' lang='lat' dir='ltr'>metus,</span> <span class='ocrx_word' id='word_1_50' title='bbox 1004 510 1219 557; x_wconf 85' lang='lat' dir='ltr'>desideria,</span> <span class='ocrx_word' id='word_1_51' title='bbox 1242 509 1436 548; x_wconf 89' lang='lat' dir='ltr'>dolorum</span> <span class='ocrx_word' id='word_1_52' title='bbox 1459 508 1733 558; x_wconf 85' lang='lat' dir='ltr'>laborumque</span> <span class='ocrx_word' id='word_1_53' title='bbox 1753 517 1767 539; x_wconf 66' lang='grc' dir='ltr'>ι’)</span> 
     </span>
     <span class='ocr_line' id='line_1_8' title="bbox 112 577 1734 634; baseline -0.004 -13"><span class='ocrx_word' id='word_1_54' title='bbox 112 582 368 634; x_wconf 84' lang='lat' dir='ltr'>patientiam,</span> <span class='ocrx_word' id='word_1_55' title='bbox 401 594 495 620; x_wconf 89' lang='lat' dir='ltr'>cum</span> <span class='ocrx_word' id='word_1_56' title='bbox 528 582 572 620; x_wconf 92' lang='lat' dir='ltr'>iis</span> <span class='ocrx_word' id='word_1_57' title='bbox 604 595 710 633; x_wconf 88' lang='lat' dir='ltr'>quae</span> <span class='ocrx_word' id='word_1_58' title='bbox 741 581 861 620; x_wconf 91' lang='lat' dir='ltr'>nobis</span> <span class='ocrx_word' id='word_1_59' title='bbox 893 580 1003 620; x_wconf 86' lang='lat' dir='ltr'>mala</span> <span class='ocrx_word' id='word_1_60' title='bbox 1033 581 1207 632; x_wconf 87' lang='lat' dir='ltr'>pecunia</span> <span class='ocrx_word' id='word_1_61' title='bbox 1238 585 1380 618; x_wconf 91' lang='lat' dir='ltr'>nostra</span> <span class='ocrx_word' id='word_1_62' title='bbox 1411 578 1598 625; x_wconf 82' lang='lat' dir='ltr'>exhibet,</span> <span class='ocrx_word' id='word_1_63' title='bbox 1631 577 1734 616; x_wconf 88' lang='lat' dir='ltr'>haec</span> 
     </span>
     <span class='ocr_line' id='line_1_9' title="bbox 113 647 1734 705; baseline -0.004 -14"><span class='ocrx_word' id='word_1_64' title='bbox 113 665 208 705; x_wconf 88' lang='lat' dir='ltr'>pars</span> <span class='ocrx_word' id='word_1_65' title='bbox 246 654 422 691; x_wconf 89' lang='lat' dir='ltr'>multum</span> <span class='ocrx_word' id='word_1_66' title='bbox 455 651 758 703; x_wconf 88' lang='lat' dir='ltr'>praegrauabit.</span> <span class='ocrx_word' id='word_1_67' title='bbox 820 652 959 703; x_wconf 86' lang='lat' dir='ltr'>itaque</span> <span class='ocrx_word' id='word_1_68' title='bbox 993 650 1265 702; x_wconf 86' lang='lat' dir='ltr'>cogitandum</span> <span class='ocrx_word' id='word_1_69' title='bbox 1298 651 1377 696; x_wconf 80' lang='lat' dir='ltr'>e&#39;st,</span> <span class='ocrx_word' id='word_1_70' title='bbox 1416 653 1572 700; x_wconf 89' lang='lat' dir='ltr'>quanto</span> <span class='ocrx_word' id='word_1_71' title='bbox 1604 647 1734 686; x_wconf 89' lang='lat' dir='ltr'>leuior</span> 
     </span>
     <span class='ocr_line' id='line_1_10' title="bbox 114 717 1734 774; baseline -0.004 -13"><span class='ocrx_word' id='word_1_72' title='bbox 114 721 236 761; x_wconf 89' lang='lat' dir='ltr'>dolor</span> <span class='ocrx_word' id='word_1_73' title='bbox 277 721 329 760; x_wconf 88' lang='lat' dir='ltr'>sit</span> <span class='ocrx_word' id='word_1_74' title='bbox 370 734 454 760; x_wconf 92' lang='lat' dir='ltr'>non</span> <span class='ocrx_word' id='word_1_75' title='bbox 495 721 651 760; x_wconf 87' lang='lat' dir='ltr'>habere</span> <span class='ocrx_word' id='word_1_76' title='bbox 692 734 818 774; x_wconf 88' lang='lat' dir='ltr'>quarn</span> <span class='ocrx_word' id='word_1_77' title='bbox 861 721 1062 773; x_wconf 88' lang='lat' dir='ltr'>perdere:</span> <span class='ocrx_word' id='word_1_78' title='bbox 1109 725 1150 759; x_wconf 92' lang='lat' dir='ltr'>et</span> <span class='ocrx_word' id='word_1_79' title='bbox 1180 718 1468 770; x_wconf 79' lang='lat' dir='ltr'>intellegemus</span> <span class='ocrx_word' id='word_1_80' title='bbox 1500 717 1734 769; x_wconf 88' lang='lat' dir='ltr'>paupertati</span> 
     </span>
     <span class='ocr_line' id='line_1_11' title="bbox 114 787 1732 843; baseline -0.003 -12"><span class='ocrx_word' id='word_1_81' title='bbox 114 805 165 831; x_wconf 86' lang='lat' dir='ltr'>eo</span> <span class='ocrx_word' id='word_1_82' title='bbox 198 792 402 830; x_wconf 87' lang='lat' dir='ltr'>minorem</span> <span class='ocrx_word' id='word_1_83' title='bbox 434 796 742 831; x_wconf 88' lang='lat' dir='ltr'>tormentorum</span> <span class='ocrx_word' id='word_1_84' title='bbox 774 804 857 843; x_wconf 90' lang='lat' dir='ltr'>quo</span> <span class='ocrx_word' id='word_1_85' title='bbox 886 791 1090 829; x_wconf 89' lang='lat' dir='ltr'>minorem</span> <span class='ocrx_word' id='word_1_86' title='bbox 1119 790 1369 836; x_wconf 84' lang='lat' dir='ltr'>damnorum</span> <span class='ocrx_word' id='word_1_87' title='bbox 1392 801 1482 827; x_wconf 90' lang='lat' dir='ltr'>esse</span> <span class='ocrx_word' id='word_1_88' title='bbox 1505 787 1732 827; x_wconf 87' lang='lat' dir='ltr'>materiam.</span> 
     </span>
     <span class='ocr_line' id='line_1_12' title="bbox 115 857 1786 913; baseline -0.003 -13"><span class='ocrx_word' id='word_1_89' title='bbox 115 874 226 901; x_wconf 89' lang='lat' dir='ltr'>erras</span> <span class='ocrx_word' id='word_1_90' title='bbox 258 861 388 908; x_wconf 90' lang='lat' dir='ltr'>enim,</span> <span class='ocrx_word' id='word_1_91' title='bbox 431 861 462 900; x_wconf 91' lang='lat' dir='ltr'>si</span> <span class='ocrx_word' id='word_1_92' title='bbox 493 867 615 913; x_wconf 89' lang='lat' dir='ltr'>putas</span> <span class='ocrx_word' id='word_1_93' title='bbox 646 860 871 900; x_wconf 84' lang='lat' dir='ltr'>animosius</span> <span class='ocrx_word' id='word_1_94' title='bbox 903 860 1151 899; x_wconf 84' lang='lat' dir='ltr'>detrimenta</span> <span class='ocrx_word' id='word_1_95' title='bbox 1183 859 1330 898; x_wconf 89' lang='lat' dir='ltr'>diuites</span> <span class='ocrx_word' id='word_1_96' title='bbox 1361 857 1490 897; x_wconf 88' lang='lat' dir='ltr'>ferre:</span> <span class='ocrx_word' id='word_1_97' title='bbox 1538 857 1734 896; x_wconf 85' lang='lat' dir='ltr'>maximis</span> <span class='ocrx_word' id='word_1_98' title='bbox 1758 864 1786 888; x_wconf 88' lang='lat'>¹0</span> 
     </span>
    </p>
   </div>
   <div class='ocr_carea' id='block_1_4' title="bbox 68 926 1733 983">
    <p class='ocr_par' dir='ltr' id='par_1_4' title="bbox 68 926 1733 983">
     <span class='ocr_line' id='line_1_13' title="bbox 68 926 1733 983; baseline -0.002 -14"><span class='ocrx_word' id='word_1_99' title='bbox 68 938 86 968; x_wconf 66' lang='lat'>:3</span> <span class='ocrx_word' id='word_1_100' title='bbox 115 931 375 983; x_wconf 83' lang='lat' dir='ltr'>minimisque</span> <span class='ocrx_word' id='word_1_101' title='bbox 407 930 650 983; x_wconf 87' lang='lat' dir='ltr'>corporibus</span> <span class='ocrx_word' id='word_1_102' title='bbox 681 945 756 983; x_wconf 87' lang='lat' dir='ltr'>par</span> <span class='ocrx_word' id='word_1_103' title='bbox 788 936 850 969; x_wconf 89' lang='lat' dir='ltr'>est</span> <span class='ocrx_word' id='word_1_104' title='bbox 883 929 1004 969; x_wconf 92' lang='lat' dir='ltr'>dolor</span> <span class='ocrx_word' id='word_1_105' title='bbox 1036 929 1225 968; x_wconf 88' lang='lat' dir='ltr'>uolneris.</span> <span class='ocrx_word' id='word_1_106' title='bbox 1287 928 1391 966; x_wconf 88' lang='lat' dir='ltr'>Bion</span> <span class='ocrx_word' id='word_1_107' title='bbox 1424 927 1636 979; x_wconf 83' lang='lat' dir='ltr'>eleganter</span> <span class='ocrx_word' id='word_1_108' title='bbox 1667 926 1733 973; x_wconf 91' lang='lat' dir='ltr'>ait,</span> 
     </span>
    </p>
   </div>
   <div class='ocr_carea' id='block_1_5' title="bbox 114 997 1794 2391">
    <p class='ocr_par' dir='ltr' id='par_1_5' title="bbox 114 997 1794 2391">
     <span class='ocr_line' id='line_1_14' title="bbox 114 997 1734 1052; baseline -0.003 -12"><span class='ocrx_word' id='word_1_109' title='bbox 114 1015 198 1040; x_wconf 92' lang='lat' dir='ltr'>non</span> <span class='ocrx_word' id='word_1_110' title='bbox 240 1001 373 1040; x_wconf 90' lang='lat' dir='ltr'>minus</span> <span class='ocrx_word' id='word_1_111' title='bbox 416 1000 639 1039; x_wconf 89' lang='lat' dir='ltr'>molestum</span> <span class='ocrx_word' id='word_1_112' title='bbox 673 1014 764 1040; x_wconf 90' lang='lat' dir='ltr'>esse</span> <span class='ocrx_word' id='word_1_113' title='bbox 797 999 919 1039; x_wconf 86' lang='lat' dir='ltr'>caluis</span> <span class='ocrx_word' id='word_1_114' title='bbox 951 1013 1077 1052; x_wconf 87' lang='lat' dir='ltr'>quam</span> <span class='ocrx_word' id='word_1_115' title='bbox 1110 999 1284 1038; x_wconf 90' lang='lat' dir='ltr'>comatis</span> <span class='ocrx_word' id='word_1_116' title='bbox 1321 997 1426 1050; x_wconf 89' lang='lat' dir='ltr'>pilos</span> <span class='ocrx_word' id='word_1_117' title='bbox 1459 997 1560 1036; x_wconf 91' lang='lat' dir='ltr'>uelli.</span> <span class='ocrx_word' id='word_1_118' title='bbox 1623 998 1734 1036; x_wconf 90' lang='lat' dir='ltr'>idem</span> 
     </span>
     <span class='ocr_line' id='line_1_15' title="bbox 114 1059 1740 1123; baseline -0.003 -13"><span class='ocrx_word' id='word_1_119' title='bbox 114 1072 217 1111; x_wconf 89' lang='lat' dir='ltr'>scias</span> <span class='ocrx_word' id='word_1_120' title='bbox 249 1071 341 1110; x_wconf 89' lang='lat' dir='ltr'>licet</span> <span class='ocrx_word' id='word_1_121' title='bbox 373 1070 425 1110; x_wconf 88' lang='lat' dir='ltr'>de</span> <span class='ocrx_word' id='word_1_122' title='bbox 457 1071 707 1123; x_wconf 87' lang='lat' dir='ltr'>pauperibus</span> <span class='ocrx_word' id='word_1_123' title='bbox 739 1070 1108 1122; x_wconf 89' lang='lat' dir='ltr'>locupletibusque‚</span> <span class='ocrx_word' id='word_1_124' title='bbox 1141 1083 1216 1121; x_wconf 86' lang='lat' dir='ltr'>par</span> <span class='ocrx_word' id='word_1_125' title='bbox 1243 1068 1317 1108; x_wconf 90' lang='lat' dir='ltr'>illis</span> <span class='ocrx_word' id='word_1_126' title='bbox 1340 1082 1431 1107; x_wconf 86' lang='lat' dir='ltr'>esse</span> <span class='ocrx_word' id='word_1_127' title='bbox 1453 1059 1740 1107; x_wconf 76' lang='lat' dir='ltr'>tormentumz&#39;</span> 
     </span>
     <span class='ocr_line' id='line_1_16' title="bbox 115 1137 1736 1193; baseline -0.003 -12"><span class='ocrx_word' id='word_1_128' title='bbox 115 1143 297 1193; x_wconf 87' lang='lat' dir='ltr'>utrisque</span> <span class='ocrx_word' id='word_1_129' title='bbox 340 1142 449 1180; x_wconf 90' lang='lat' dir='ltr'>enim</span> <span class='ocrx_word' id='word_1_130' title='bbox 492 1142 666 1193; x_wconf 89' lang='lat' dir='ltr'>pecunia</span> <span class='ocrx_word' id='word_1_131' title='bbox 705 1155 780 1180; x_wconf 85' lang='lat' dir='ltr'>sua</span> <span class='ocrx_word' id='word_1_132' title='bbox 811 1140 1003 1180; x_wconf 83' lang='lat' dir='ltr'>obhaesit</span> <span class='ocrx_word' id='word_1_133' title='bbox 1035 1153 1111 1179; x_wconf 90' lang='lat' dir='ltr'>nec</span> <span class='ocrx_word' id='word_1_134' title='bbox 1142 1140 1228 1178; x_wconf 91' lang='lat' dir='ltr'>sine</span> <span class='ocrx_word' id='word_1_135' title='bbox 1260 1152 1382 1178; x_wconf 88' lang='lat' dir='ltr'>sensu</span> <span class='ocrx_word' id='word_1_136' title='bbox 1415 1137 1552 1177; x_wconf 89' lang='lat' dir='ltr'>reuelli</span> <span class='ocrx_word' id='word_1_137' title='bbox 1584 1143 1736 1190; x_wconf 90' lang='lat' dir='ltr'>potest.</span> 
     </span>
     <span class='ocr_line' id='line_1_17' title="bbox 114 1209 1789 1262; baseline -0.003 -11"><span class='ocrx_word' id='word_1_138' title='bbox 114 1212 367 1252; x_wconf 89' lang='lat' dir='ltr'>tolerabilius</span> <span class='ocrx_word' id='word_1_139' title='bbox 410 1217 550 1251; x_wconf 88' lang='lat' dir='ltr'>autem</span> <span class='ocrx_word' id='word_1_140' title='bbox 593 1217 677 1259; x_wconf 86' lang='lat' dir='ltr'>est,</span> <span class='ocrx_word' id='word_1_141' title='bbox 720 1217 763 1250; x_wconf 92' lang='lat' dir='ltr'>ut</span> <span class='ocrx_word' id='word_1_142' title='bbox 806 1212 911 1259; x_wconf 91' lang='lat' dir='ltr'>dixi,</span> <span class='ocrx_word' id='word_1_143' title='bbox 955 1210 1192 1262; x_wconf 87' lang='lat' dir='ltr'>faciliusque</span> <span class='ocrx_word' id='word_1_144' title='bbox 1233 1223 1317 1248; x_wconf 93' lang='lat' dir='ltr'>non</span> <span class='ocrx_word' id='word_1_145' title='bbox 1360 1209 1579 1260; x_wconf 84' lang='lat' dir='ltr'>adquirere</span> <span class='ocrx_word' id='word_1_146' title='bbox 1610 1221 1735 1260; x_wconf 90' lang='lat' dir='ltr'>quam</span> <span class='ocrx_word' id='word_1_147' title='bbox 1761 1216 1789 1239; x_wconf 72' lang='lat'>¹⁵</span> 
     </span>
     <span class='ocr_line' id='line_1_18' title="bbox 114 1278 1736 1333; baseline -0.004 -11"><span class='ocrx_word' id='word_1_148' title='bbox 114 1283 314 1330; x_wconf 86' lang='lat' dir='ltr'>amittere,</span> <span class='ocrx_word' id='word_1_149' title='bbox 347 1283 528 1333; x_wconf 88' lang='lat' dir='ltr'>ideoque</span> <span class='ocrx_word' id='word_1_150' title='bbox 560 1281 752 1322; x_wconf 85' lang='lat' dir='ltr'>laetiores</span> <span class='ocrx_word' id='word_1_151' title='bbox 785 1282 944 1320; x_wconf 89' lang='lat' dir='ltr'>uidebis</span> <span class='ocrx_word' id='word_1_152' title='bbox 976 1294 1082 1333; x_wconf 90' lang='lat' dir='ltr'>quos</span> <span class='ocrx_word' id='word_1_153' title='bbox 1105 1293 1334 1332; x_wconf 87' lang='lat' dir='ltr'>numquam</span> <span class='ocrx_word' id='word_1_154' title='bbox 1356 1278 1521 1318; x_wconf 85' lang='lat' dir='ltr'>fortuna</span> <span class='ocrx_word' id='word_1_155' title='bbox 1543 1279 1736 1331; x_wconf 79' lang='lat' dir='ltr'>respexit,</span> 
     </span>
     <span class='ocr_line' id='line_1_19' title="bbox 114 1339 1739 1405; baseline -0.003 -13"><span class='ocrx_word' id='word_1_156' title='bbox 114 1366 239 1405; x_wconf 85' lang='lat' dir='ltr'>quam</span> <span class='ocrx_word' id='word_1_157' title='bbox 278 1366 383 1405; x_wconf 89' lang='lat' dir='ltr'>quos</span> <span class='ocrx_word' id='word_1_158' title='bbox 427 1353 617 1392; x_wconf 90' lang='lat' dir='ltr'>deseruit.</span> <span class='ocrx_word' id='word_1_159' title='bbox 680 1352 780 1392; x_wconf 89' lang='lat' dir='ltr'>uidit</span> <span class='ocrx_word' id='word_1_160' title='bbox 819 1351 901 1391; x_wconf 93' lang='lat' dir='ltr'>hoc</span> <span class='ocrx_word' id='word_1_161' title='bbox 932 1351 1167 1403; x_wconf 89' lang='lat' dir='ltr'>Diogenes,</span> <span class='ocrx_word' id='word_1_162' title='bbox 1211 1351 1271 1389; x_wconf 90' lang='lat' dir='ltr'>uir</span> <span class='ocrx_word' id='word_1_163' title='bbox 1302 1339 1477 1401; x_wconf 87' lang='lat' dir='ltr'>ingentis</span> <span class='ocrx_word' id='word_1_164' title='bbox 1510 1349 1655 1397; x_wconf 85' lang='lat' dir='ltr'>animi,</span> <span class='ocrx_word' id='word_1_165' title='bbox 1697 1354 1739 1387; x_wconf 93' lang='lat' dir='ltr'>et</span> 
     </span>
     <span class='ocr_line' id='line_1_20' title="bbox 115 1419 1737 1479; baseline -0.004 -16"><span class='ocrx_word' id='word_1_166' title='bbox 115 1423 274 1472; x_wconf 83' lang='lat' dir='ltr'>effecit,</span> <span class='ocrx_word' id='word_1_167' title='bbox 307 1437 358 1462; x_wconf 91' lang='lat' dir='ltr'>ne</span> <span class='ocrx_word' id='word_1_168' title='bbox 391 1423 488 1475; x_wconf 89' lang='lat' dir='ltr'>quid</span> <span class='ocrx_word' id='word_1_169' title='bbox 520 1423 597 1462; x_wconf 90' lang='lat' dir='ltr'>sibi</span> <span class='ocrx_word' id='word_1_170' title='bbox 630 1423 729 1479; x_wconf 85' lang='lat' dir='ltr'>eripi</span> <span class='ocrx_word' id='word_1_171' title='bbox 760 1428 915 1476; x_wconf 89' lang='lat' dir='ltr'>posset.</span> <span class='ocrx_word' id='word_1_172' title='bbox 977 1428 1022 1462; x_wconf 92' lang='lat' dir='ltr'>tu</span> <span class='ocrx_word' id='word_1_173' title='bbox 1053 1421 1163 1461; x_wconf 91' lang='lat' dir='ltr'>istud</span> <span class='ocrx_word' id='word_1_174' title='bbox 1196 1425 1510 1473; x_wconf 84' lang='lat' dir='ltr'>paupertatem,</span> <span class='ocrx_word' id='word_1_175' title='bbox 1544 1419 1737 1471; x_wconf 86' lang='lat' dir='ltr'>inopiam,</span> 
     </span>
     <span class='ocr_line' id='line_1_21' title="bbox 116 1491 1734 1546; baseline -0.004 -13"><span class='ocrx_word' id='word_1_176' title='bbox 116 1499 349 1546; x_wconf 85' lang='lat' dir='ltr'>egestatem</span> <span class='ocrx_word' id='word_1_177' title='bbox 382 1507 497 1542; x_wconf 87' lang='lat' dir='ltr'>uoca,</span> <span class='ocrx_word' id='word_1_178' title='bbox 530 1495 644 1546; x_wconf 89' lang='lat' dir='ltr'>quod</span> <span class='ocrx_word' id='word_1_179' title='bbox 674 1493 789 1533; x_wconf 88' lang='lat' dir='ltr'>uoles</span> <span class='ocrx_word' id='word_1_180' title='bbox 810 1493 1133 1545; x_wconf 90' lang='lat' dir='ltr'>ignominiosum</span> <span class='ocrx_word' id='word_1_181' title='bbox 1156 1491 1362 1531; x_wconf 86' lang='lat' dir='ltr'>securitati</span> <span class='ocrx_word' id='word_1_182' title='bbox 1384 1503 1538 1529; x_wconf 89' lang='lat' dir='ltr'>nomen</span> <span class='ocrx_word' id='word_1_183' title='bbox 1561 1491 1734 1542; x_wconf 90' lang='lat' dir='ltr'>inpone:</span> 
     </span>
     <span class='ocr_line' id='line_1_22' title="bbox 115 1560 1791 1617; baseline -0.004 -13"><span class='ocrx_word' id='word_1_184' title='bbox 115 1565 273 1617; x_wconf 86' lang='lat' dir='ltr'>putabo</span> <span class='ocrx_word' id='word_1_185' title='bbox 307 1564 416 1603; x_wconf 90' lang='lat' dir='ltr'>hunc</span> <span class='ocrx_word' id='word_1_186' title='bbox 448 1578 531 1603; x_wconf 87' lang='lat' dir='ltr'>non</span> <span class='ocrx_word' id='word_1_187' title='bbox 564 1578 655 1604; x_wconf 88' lang='lat' dir='ltr'>esse</span> <span class='ocrx_word' id='word_1_188' title='bbox 687 1563 868 1612; x_wconf 86' lang='lat' dir='ltr'>felicem,</span> <span class='ocrx_word' id='word_1_189' title='bbox 910 1564 942 1603; x_wconf 85' lang='lat' dir='ltr'>si</span> <span class='ocrx_word' id='word_1_190' title='bbox 974 1576 1099 1616; x_wconf 90' lang='lat' dir='ltr'>quem</span> <span class='ocrx_word' id='word_1_191' title='bbox 1133 1562 1231 1601; x_wconf 91' lang='lat' dir='ltr'>mihi</span> <span class='ocrx_word' id='word_1_192' title='bbox 1263 1562 1387 1601; x_wconf 90' lang='lat' dir='ltr'>alium</span> <span class='ocrx_word' id='word_1_193' title='bbox 1420 1561 1642 1607; x_wconf 81' lang='lat' dir='ltr'>inueneriS,</span> <span class='ocrx_word' id='word_1_194' title='bbox 1676 1560 1737 1598; x_wconf 91' lang='lat' dir='ltr'>cui</span> <span class='ocrx_word' id='word_1_195' title='bbox 1758 1567 1791 1591; x_wconf 70' lang='lat'>‘20</span> 
     </span>
     <span class='ocr_line' id='line_1_23' title="bbox 115 1631 1737 1687; baseline -0.004 -13"><span class='ocrx_word' id='word_1_196' title='bbox 115 1634 212 1674; x_wconf 91' lang='lat' dir='ltr'>nihil</span> <span class='ocrx_word' id='word_1_197' title='bbox 242 1640 397 1687; x_wconf 88' lang='lat' dir='ltr'>pereat.</span> <span class='ocrx_word' id='word_1_198' title='bbox 459 1640 529 1674; x_wconf 90' lang='lat' dir='ltr'>aut</span> <span class='ocrx_word' id='word_1_199' title='bbox 562 1648 643 1686; x_wconf 89' lang='lat' dir='ltr'>ego</span> <span class='ocrx_word' id='word_1_200' title='bbox 677 1634 806 1682; x_wconf 89' lang='lat' dir='ltr'>fallor,</span> <span class='ocrx_word' id='word_1_201' title='bbox 838 1639 908 1673; x_wconf 86' lang='lat' dir='ltr'>aut</span> <span class='ocrx_word' id='word_1_202' title='bbox 941 1646 1116 1685; x_wconf 89' lang='lat' dir='ltr'>regnum</span> <span class='ocrx_word' id='word_1_203' title='bbox 1149 1637 1213 1672; x_wconf 90' lang='lat' dir='ltr'>est</span> <span class='ocrx_word' id='word_1_204' title='bbox 1241 1633 1346 1671; x_wconf 90' lang='lat' dir='ltr'>inter</span> <span class='ocrx_word' id='word_1_205' title='bbox 1374 1645 1532 1678; x_wconf 91' lang='lat' dir='ltr'>auaros,</span> <span class='ocrx_word' id='word_1_206' title='bbox 1566 1631 1737 1669; x_wconf 91' lang='lat' dir='ltr'>circum-</span> 
     </span>
     <span class='ocr_line' id='line_1_24' title="bbox 115 1701 1739 1757; baseline -0.003 -13"><span class='ocrx_word' id='word_1_207' title='bbox 115 1706 361 1757; x_wconf 87' lang='lat' dir='ltr'>scriptores,</span> <span class='ocrx_word' id='word_1_208' title='bbox 403 1704 608 1753; x_wconf 87' lang='lat' dir='ltr'>latrones,</span> <span class='ocrx_word' id='word_1_209' title='bbox 646 1705 867 1757; x_wconf 87' lang='lat' dir='ltr'>plagiarios</span> <span class='ocrx_word' id='word_1_210' title='bbox 899 1717 1026 1743; x_wconf 90' lang='lat' dir='ltr'>unum</span> <span class='ocrx_word' id='word_1_211' title='bbox 1060 1716 1170 1751; x_wconf 89' lang='lat' dir='ltr'>esse,</span> <span class='ocrx_word' id='word_1_212' title='bbox 1212 1703 1275 1742; x_wconf 91' lang='lat' dir='ltr'>cui</span> <span class='ocrx_word' id='word_1_213' title='bbox 1308 1702 1448 1741; x_wconf 91' lang='lat' dir='ltr'>noceri</span> <span class='ocrx_word' id='word_1_214' title='bbox 1481 1715 1564 1740; x_wconf 89' lang='lat' dir='ltr'>non</span> <span class='ocrx_word' id='word_1_215' title='bbox 1596 1701 1739 1752; x_wconf 88' lang='lat' dir='ltr'>possit.</span> 
     </span>
     <span class='ocr_line' id='line_1_25' title="bbox 115 1771 1740 1828; baseline -0.004 -13"><span class='ocrx_word' id='word_1_216' title='bbox 115 1777 148 1815; x_wconf 92' lang='lat' dir='ltr'>si</span> <span class='ocrx_word' id='word_1_217' title='bbox 187 1777 276 1828; x_wconf 88' lang='lat' dir='ltr'>quis</span> <span class='ocrx_word' id='word_1_218' title='bbox 308 1776 362 1815; x_wconf 90' lang='lat' dir='ltr'>de</span> <span class='ocrx_word' id='word_1_219' title='bbox 394 1775 587 1815; x_wconf 90' lang='lat' dir='ltr'>felicitate</span> <span class='ocrx_word' id='word_1_220' title='bbox 619 1775 818 1827; x_wconf 89' lang='lat' dir='ltr'>Diogenis</span> <span class='ocrx_word' id='word_1_221' title='bbox 850 1774 1034 1822; x_wconf 89' lang='lat' dir='ltr'>dubitat,</span> <span class='ocrx_word' id='word_1_222' title='bbox 1076 1779 1217 1825; x_wconf 89' lang='lat' dir='ltr'>potest</span> <span class='ocrx_word' id='word_1_223' title='bbox 1248 1773 1360 1812; x_wconf 89' lang='lat' dir='ltr'>idem</span> <span class='ocrx_word' id='word_1_224' title='bbox 1393 1771 1583 1811; x_wconf 86' lang='lat' dir='ltr'>dubitare</span> <span class='ocrx_word' id='word_1_225' title='bbox 1614 1777 1654 1809; x_wconf 87' lang='lat' dir='ltr'>et</span> <span class='ocrx_word' id='word_1_226' title='bbox 1687 1771 1740 1809; x_wconf 90' lang='lat' dir='ltr'>de</span> 
     </span>
     <span class='ocr_line' id='line_1_26' title="bbox 115 1841 1740 1897; baseline -0.004 -11"><span class='ocrx_word' id='word_1_227' title='bbox 115 1847 292 1886; x_wconf 90' lang='lat' dir='ltr'>deorum</span> <span class='ocrx_word' id='word_1_228' title='bbox 324 1845 605 1886; x_wconf 88' lang='lat' dir='ltr'>inmortalium</span> <span class='ocrx_word' id='word_1_229' title='bbox 638 1852 760 1894; x_wconf 88' lang='lat' dir='ltr'>statu,</span> <span class='ocrx_word' id='word_1_230' title='bbox 793 1859 845 1885; x_wconf 87' lang='lat' dir='ltr'>an</span> <span class='ocrx_word' id='word_1_231' title='bbox 876 1858 1024 1897; x_wconf 90' lang='lat' dir='ltr'>parum</span> <span class='ocrx_word' id='word_1_232' title='bbox 1057 1844 1181 1883; x_wconf 89' lang='lat' dir='ltr'>beate</span> <span class='ocrx_word' id='word_1_233' title='bbox 1212 1843 1379 1895; x_wconf 86' lang='lat' dir='ltr'>degant,</span> <span class='ocrx_word' id='word_1_234' title='bbox 1412 1843 1526 1894; x_wconf 89' lang='lat' dir='ltr'>quod</span> <span class='ocrx_word' id='word_1_235' title='bbox 1559 1841 1632 1880; x_wconf 88' lang='lat' dir='ltr'>illis</span> <span class='ocrx_word' id='word_1_236' title='bbox 1664 1854 1740 1879; x_wconf 87' lang='lat' dir='ltr'>nec</span> 
     </span>
     <span class='ocr_line' id='line_1_27' title="bbox 116 1912 1792 1969; baseline -0.004 -13"><span class='ocrx_word' id='word_1_237' title='bbox 116 1918 285 1969; x_wconf 87' lang='lat' dir='ltr'>praedia</span> <span class='ocrx_word' id='word_1_238' title='bbox 316 1930 393 1956; x_wconf 93' lang='lat' dir='ltr'>nec</span> <span class='ocrx_word' id='word_1_239' title='bbox 425 1917 534 1957; x_wconf 90' lang='lat' dir='ltr'>horti</span> <span class='ocrx_word' id='word_1_240' title='bbox 566 1918 645 1956; x_wconf 90' lang='lat' dir='ltr'>sint</span> <span class='ocrx_word' id='word_1_241' title='bbox 677 1930 754 1956; x_wconf 89' lang='lat' dir='ltr'>nec</span> <span class='ocrx_word' id='word_1_242' title='bbox 786 1915 920 1955; x_wconf 91' lang='lat' dir='ltr'>alieno</span> <span class='ocrx_word' id='word_1_243' title='bbox 953 1914 1104 1954; x_wconf 92' lang='lat' dir='ltr'>colono</span> <span class='ocrx_word' id='word_1_244' title='bbox 1138 1928 1232 1954; x_wconf 89' lang='lat' dir='ltr'>rura</span> <span class='ocrx_word' id='word_1_245' title='bbox 1263 1914 1445 1967; x_wconf 86' lang='lat' dir='ltr'>pretiosa</span> <span class='ocrx_word' id='word_1_246' title='bbox 1475 1926 1551 1951; x_wconf 88' lang='lat' dir='ltr'>nec</span> <span class='ocrx_word' id='word_1_247' title='bbox 1581 1912 1739 1963; x_wconf 88' lang='lat' dir='ltr'>grande</span> <span class='ocrx_word' id='word_1_248' title='bbox 1760 1919 1792 1944; x_wconf 71' lang='lat'>25&gt;</span> 
     </span>
     <span class='ocr_line' id='line_1_28' title="bbox 116 1982 1740 2039; baseline -0.004 -13"><span class='ocrx_word' id='word_1_249' title='bbox 116 1988 155 2026; x_wconf 90' lang='lat' dir='ltr'>in</span> <span class='ocrx_word' id='word_1_250' title='bbox 198 1986 290 2027; x_wconf 86' lang='lat' dir='ltr'>soro</span> <span class='ocrx_word' id='word_1_251' title='bbox 332 1986 484 2027; x_wconf 88' lang='lat' dir='ltr'>faenus.</span> <span class='ocrx_word' id='word_1_252' title='bbox 546 2001 631 2027; x_wconf 92' lang='lat' dir='ltr'>non</span> <span class='ocrx_word' id='word_1_253' title='bbox 662 1993 704 2026; x_wconf 93' lang='lat' dir='ltr'>te</span> <span class='ocrx_word' id='word_1_254' title='bbox 736 1987 878 2039; x_wconf 90' lang='lat' dir='ltr'>pudet,</span> <span class='ocrx_word' id='word_1_255' title='bbox 910 1985 1091 2038; x_wconf 87' lang='lat' dir='ltr'>quisquis</span> <span class='ocrx_word' id='word_1_256' title='bbox 1123 1986 1271 2024; x_wconf 89' lang='lat' dir='ltr'>diuitiis</span> <span class='ocrx_word' id='word_1_257' title='bbox 1304 1985 1529 2036; x_wconf 83' lang='lat' dir='ltr'>adstupes?</span> <span class='ocrx_word' id='word_1_258' title='bbox 1582 1982 1740 2033; x_wconf 88' lang='lat' dir='ltr'>respice</span> 
     </span>
     <span class='ocr_line' id='line_1_29' title="bbox 116 2052 1740 2109; baseline -0.004 -12"><span class='ocrx_word' id='word_1_259' title='bbox 116 2059 298 2109; x_wconf 85' lang='lat' dir='ltr'>agedum</span> <span class='ocrx_word' id='word_1_260' title='bbox 329 2059 558 2097; x_wconf 86' lang='lat' dir='ltr'>mundum:</span> <span class='ocrx_word' id='word_1_261' title='bbox 594 2058 730 2097; x_wconf 89' lang='lat' dir='ltr'>nudos</span> <span class='ocrx_word' id='word_1_262' title='bbox 752 2056 913 2096; x_wconf 91' lang='lat' dir='ltr'>uidebis</span> <span class='ocrx_word' id='word_1_263' title='bbox 936 2057 1050 2104; x_wconf 86' lang='lat' dir='ltr'>deos,</span> <span class='ocrx_word' id='word_1_264' title='bbox 1074 2056 1214 2095; x_wconf 85' lang='lat' dir='ltr'>onmia</span> <span class='ocrx_word' id='word_1_265' title='bbox 1237 2056 1384 2095; x_wconf 86' lang='lat' dir='ltr'>dantes</span> <span class='ocrx_word' id='word_1_266' title='bbox 1407 2053 1504 2092; x_wconf 91' lang='lat' dir='ltr'>nihil</span> <span class='ocrx_word' id='word_1_267' title='bbox 1526 2052 1740 2092; x_wconf 87' lang='lat' dir='ltr'>habentes.</span> 
     </span>
     <span class='ocr_line' id='line_1_30' title="bbox 116 2122 1741 2181; baseline -0.005 -13"><span class='ocrx_word' id='word_1_268' title='bbox 116 2128 226 2167; x_wconf 87' lang='lat' dir='ltr'>hunc</span> <span class='ocrx_word' id='word_1_269' title='bbox 259 2134 301 2167; x_wconf 89' lang='lat' dir='ltr'>tu</span> <span class='ocrx_word' id='word_1_270' title='bbox 323 2141 551 2181; x_wconf 89' lang='lat' dir='ltr'>pauperem</span> <span class='ocrx_word' id='word_1_271' title='bbox 573 2134 696 2181; x_wconf 86' lang='lat' dir='ltr'>putas</span> <span class='ocrx_word' id='word_1_272' title='bbox 718 2141 770 2167; x_wconf 85' lang='lat' dir='ltr'>an</span> <span class='ocrx_word' id='word_1_273' title='bbox 793 2128 855 2166; x_wconf 90' lang='lat' dir='ltr'>dis</span> <span class='ocrx_word' id='word_1_274' title='bbox 879 2126 1166 2166; x_wconf 86' lang='lat' dir='ltr'>inmortalibus</span> <span class='ocrx_word' id='word_1_275' title='bbox 1188 2125 1376 2172; x_wconf 87' lang='lat' dir='ltr'>similem,</span> <span class='ocrx_word' id='word_1_276' title='bbox 1409 2124 1478 2176; x_wconf 91' lang='lat' dir='ltr'>qui</span> <span class='ocrx_word' id='word_1_277' title='bbox 1499 2136 1544 2162; x_wconf 92' lang='lat' dir='ltr'>se</span> <span class='ocrx_word' id='word_1_278' title='bbox 1565 2122 1741 2162; x_wconf 88' lang='lat' dir='ltr'>fortuitis</span> 
     </span>
     <span class='ocr_line' id='line_1_31' title="bbox 118 2196 1740 2249; baseline -0.004 -12"><span class='ocrx_word' id='word_1_279' title='bbox 118 2198 311 2239; x_wconf 90' lang='lat' dir='ltr'>omnibus</span> <span class='ocrx_word' id='word_1_280' title='bbox 340 2199 481 2237; x_wconf 80' lang='lat' dir='ltr'>exuit?</span> <span class='ocrx_word' id='word_1_281' title='bbox 524 2198 748 2238; x_wconf 87' lang='lat' dir='ltr'>feliciorem</span> <span class='ocrx_word' id='word_1_282' title='bbox 771 2203 815 2237; x_wconf 93' lang='lat' dir='ltr'>tu</span> <span class='ocrx_word' id='word_1_283' title='bbox 838 2197 1101 2236; x_wconf 86' lang='lat' dir='ltr'>Demetrium</span> <span class='ocrx_word' id='word_1_284' title='bbox 1125 2196 1426 2249; x_wconf 87' lang='lat' dir='ltr'>Pompeianum</span> <span class='ocrx_word' id='word_1_285' title='bbox 1448 2207 1585 2241; x_wconf 87' lang='lat' dir='ltr'>uocas,</span> <span class='ocrx_word' id='word_1_286' title='bbox 1616 2206 1740 2245; x_wconf 88' lang='lat' dir='ltr'>quem</span> 
     </span>
     <span class='ocr_line' id='line_1_32' title="bbox 117 2265 1794 2321; baseline -0.004 -14"><span class='ocrx_word' id='word_1_287' title='bbox 117 2282 200 2307; x_wconf 90' lang='lat' dir='ltr'>non</span> <span class='ocrx_word' id='word_1_288' title='bbox 232 2268 376 2321; x_wconf 90' lang='lat' dir='ltr'>puduit</span> <span class='ocrx_word' id='word_1_289' title='bbox 404 2268 720 2321; x_wconf 88' lang='lat' dir='ltr'>locupletiorem</span> <span class='ocrx_word' id='word_1_290' title='bbox 744 2281 835 2307; x_wconf 87' lang='lat' dir='ltr'>esse</span> <span class='ocrx_word' id='word_1_291' title='bbox 857 2267 1088 2318; x_wconf 87' lang='lat' dir='ltr'>Pompeio?</span> <span class='ocrx_word' id='word_1_292' title='bbox 1132 2280 1327 2305; x_wconf 88' lang='lat' dir='ltr'>numerus</span> <span class='ocrx_word' id='word_1_293' title='bbox 1349 2265 1402 2304; x_wconf 93' lang='lat' dir='ltr'>illi</span> <span class='ocrx_word' id='word_1_294' title='bbox 1425 2265 1578 2303; x_wconf 91' lang='lat' dir='ltr'>cotidie</span> <span class='ocrx_word' id='word_1_295' title='bbox 1599 2276 1739 2302; x_wconf 91' lang='lat' dir='ltr'>seruo-</span> <span class='ocrx_word' id='word_1_296' title='bbox 1762 2271 1794 2294; x_wconf 74' lang='lat'>³⁵0</span> 
     </span>
     <span class='ocr_line' id='line_1_33' title="bbox 117 2333 1742 2391; baseline -0.004 -13"><span class='ocrx_word' id='word_1_297' title='bbox 117 2352 208 2385; x_wconf 85' lang='lat' dir='ltr'>rum</span> <span class='ocrx_word' id='word_1_298' title='bbox 241 2337 354 2377; x_wconf 92' lang='lat' dir='ltr'>uelut</span> <span class='ocrx_word' id='word_1_299' title='bbox 385 2339 625 2391; x_wconf 85' lang='lat' dir='ltr'>imperatori</span> <span class='ocrx_word' id='word_1_300' title='bbox 658 2339 866 2377; x_wconf 90' lang='lat' dir='ltr'>exercitus</span> <span class='ocrx_word' id='word_1_301' title='bbox 899 2336 1165 2384; x_wconf 85' lang='lat' dir='ltr'>referebatur,</span> <span class='ocrx_word' id='word_1_302' title='bbox 1198 2336 1259 2376; x_wconf 92' lang='lat' dir='ltr'>cui</span> <span class='ocrx_word' id='word_1_303' title='bbox 1289 2337 1370 2375; x_wconf 87' lang='lat' dir='ltr'>iam</span> <span class='ocrx_word' id='word_1_304' title='bbox 1395 2335 1553 2374; x_wconf 88' lang='lat' dir='ltr'>dudum</span> <span class='ocrx_word' id='word_1_305' title='bbox 1577 2333 1742 2373; x_wconf 87' lang='lat' dir='ltr'>diuitiae</span> 
     </span>
    </p>
   </div>
   <div class='ocr_carea' id='block_1_6' title="bbox 1321 2474 1338 2498">
    <p class='ocr_par' dir='ltr' id='par_1_6' title="bbox 1321 2474 1338 2498">
     <span class='ocr_line' id='line_1_34' title="bbox 1321 2474 1338 2498; baseline -0.059 0"><span class='ocrx_word' id='word_1_306' title='bbox 1321 2474 1338 2498; x_wconf 85' lang='lat' dir='ltr'>h</span> 
     </span>
    </p>
   </div>
   <div class='ocr_carea' id='block_1_7' title="bbox 118 2510 1742 2789">
    <p class='ocr_par' dir='ltr' id='par_1_7' title="bbox 126 2510 1600 2553">
     <span class='ocr_line' id='line_1_35' title="bbox 126 2510 1600 2553; baseline -0.005 -6"><span class='ocrx_word' id='word_1_307' title='bbox 126 2516 135 2547; x_wconf 91' lang='lat' dir='ltr'>l</span> <span class='ocrx_word' id='word_1_308' title='bbox 173 2515 391 2545; x_wconf 79' lang='lat' dir='ltr'>beniuolentia</span> <span class='ocrx_word' id='word_1_309' title='bbox 510 2513 530 2546; x_wconf 67' lang='grc'><strong>4</strong></span> <span class='ocrx_word' id='word_1_310' title='bbox 565 2518 700 2550; x_wconf 53' lang='lat' dir='ltr'>eri—mall</span> <span class='ocrx_word' id='word_1_311' title='bbox 837 2513 856 2543; x_wconf 69' lang='lat' dir='ltr'>i»</span> <span class='ocrx_word' id='word_1_312' title='bbox 892 2513 1110 2553; x_wconf 81' lang='lat' dir='ltr'>egrotationes</span> <span class='ocrx_word' id='word_1_313' title='bbox 1246 2510 1266 2542; x_wconf 83' lang='grc'>6</span> <span class='ocrx_word' id='word_1_314' title='bbox 1299 2511 1404 2541; x_wconf 81' lang='lat' dir='ltr'>exibet</span> <span class='ocrx_word' id='word_1_315' title='bbox 1541 2510 1600 2540; x_wconf 84' lang='lat' dir='ltr'>hee</span> 
     </span>
    </p>

    <p class='ocr_par' dir='ltr' id='par_1_8' title="bbox 118 2567 1742 2653">
     <span class='ocr_line' id='line_1_36' title="bbox 118 2567 1742 2614; baseline -0.005 -9"><span class='ocrx_word' id='word_1_316' title='bbox 118 2572 138 2605; x_wconf 84' lang='lat'><strong>7</strong></span> <span class='ocrx_word' id='word_1_317' title='bbox 166 2573 375 2614; x_wconf 84' lang='lat' dir='ltr'>pregrauabit</span> <span class='ocrx_word' id='word_1_318' title='bbox 497 2571 516 2605; x_wconf 85' lang='lat'>9</span> <span class='ocrx_word' id='word_1_319' title='bbox 543 2574 687 2614; x_wconf 64' lang='lat' dir='ltr'>dapnozl.</span> <span class='ocrx_word' id='word_1_320' title='bbox 706 2572 742 2614; x_wconf 83' lang='lat' dir='ltr'>(p</span> <span class='ocrx_word' id='word_1_321' title='bbox 761 2571 795 2604; x_wconf 71' lang='lat' dir='ltr'>in</span> <span class='ocrx_word' id='word_1_322' title='bbox 817 2571 890 2614; x_wconf 78' lang='lat' dir='ltr'>fine</span> <span class='ocrx_word' id='word_1_323' title='bbox 909 2580 1037 2604; x_wconf 76' lang='lat' dir='ltr'>uersus</span> <span class='ocrx_word' id='word_1_324' title='bbox 1056 2580 1163 2602; x_wconf 72' lang='lat' dir='ltr'>manu</span> <span class='ocrx_word' id='word_1_325' title='bbox 1182 2579 1253 2602; x_wconf 74' lang='lat' dir='ltr'>rec.</span> <span class='ocrx_word' id='word_1_326' title='bbox 1272 2568 1411 2607; x_wconf 75' lang='lat' dir='ltr'>(uldila)</span> <span class='ocrx_word' id='word_1_327' title='bbox 1537 2567 1575 2600; x_wconf 74' lang='lat'>14</span> <span class='ocrx_word' id='word_1_328' title='bbox 1605 2568 1742 2608; x_wconf 63' lang='lat' dir='ltr'>utrisque</span> 
     </span>
     <span class='ocr_line' id='line_1_37' title="bbox 781 2637 788 2653; baseline 0 0"><span class='ocrx_word' id='word_1_329' title='bbox 781 2637 788 2653; x_wconf 81' lang='lat' dir='ltr'>l</span> 
     </span>
    </p>

    <p class='ocr_par' dir='ltr' id='par_1_9' title="bbox 120 2660 1741 2706">
     <span class='ocr_line' id='line_1_38' title="bbox 120 2660 1741 2706; baseline -0.006 -8"><span class='ocrx_word' id='word_1_330' title='bbox 120 2664 332 2699; x_wconf 67' lang='lat' dir='ltr'>Pincianus:</span> <span class='ocrx_word' id='word_1_331' title='bbox 361 2666 483 2706; x_wconf 87' lang='lat' dir='ltr'>utrique</span> <span class='ocrx_word' id='word_1_332' title='bbox 632 2664 670 2697; x_wconf 66' lang='lat'>‚15</span> <span class='ocrx_word' id='word_1_333' title='bbox 706 2675 860 2706; x_wconf 80' lang='lat' dir='ltr'>acqurere</span> <span class='ocrx_word' id='word_1_334' title='bbox 893 2666 946 2705; x_wconf 86' lang='lat' dir='ltr'>(eq</span> <span class='ocrx_word' id='word_1_335' title='bbox 973 2662 1083 2705; x_wconf 77' lang='lat' dir='ltr'>corr.)</span> <span class='ocrx_word' id='word_1_336' title='bbox 1238 2662 1273 2694; x_wconf 66' lang='lat'>10</span> <span class='ocrx_word' id='word_1_337' title='bbox 1309 2662 1437 2692; x_wconf 72' lang='lat' dir='ltr'>letiores</span> <span class='ocrx_word' id='word_1_338' title='bbox 1581 2661 1624 2693; x_wconf 58' lang='grc' dir='ltr'>Ξῖ)</span> <span class='ocrx_word' id='word_1_339' title='bbox 1658 2660 1741 2690; x_wconf 78' lang='lat' dir='ltr'>horti</span> 
     </span>
    </p>

    <p class='ocr_par' dir='ltr' id='par_1_10' title="bbox 120 2726 1742 2789">
     <span class='ocr_line' id='line_1_39' title="bbox 120 2726 1742 2789; baseline -0.004 -11"><span class='ocrx_word' id='word_1_340' title='bbox 120 2749 154 2788; x_wconf 91' lang='lat' dir='ltr'>(h</span> <span class='ocrx_word' id='word_1_341' title='bbox 181 2748 302 2789; x_wconf 78' lang='lat' dir='ltr'>erasa)</span> <span class='ocrx_word' id='word_1_342' title='bbox 424 2747 566 2789; x_wconf 56' lang='lat' dir='ltr'>pretiosa</span> <span class='ocrx_word' id='word_1_343' title='bbox 686 2746 730 2780; x_wconf 70' lang='lat'>26</span> <span class='ocrx_word' id='word_1_344' title='bbox 758 2747 846 2787; x_wconf 55' lang='lat' dir='ltr'>senus</span> <span class='ocrx_word' id='word_1_345' title='bbox 872 2744 921 2789; x_wconf 84' lang='lat' dir='ltr'>cf.</span> <span class='ocrx_word' id='word_1_346' title='bbox 952 2743 1152 2778; x_wconf 73' lang='lat' dir='ltr'>Brambaclt</span> <span class='ocrx_word' id='word_1_347' title='bbox 1184 2742 1281 2777; x_wconf 74' lang='lat' dir='ltr'>Orllz.</span> <span class='ocrx_word' id='word_1_348' title='bbox 1305 2754 1342 2787; x_wconf 81' lang='lat' dir='ltr'>p.</span> <span class='ocrx_word' id='word_1_349' title='bbox 1374 2745 1436 2775; x_wconf 75' lang='lat'>104</span> <span class='ocrx_word' id='word_1_350' title='bbox 1559 2741 1602 2775; x_wconf 64' lang='lat'>27</span> <span class='ocrx_word' id='word_1_351' title='bbox 1630 2726 1742 2772; x_wconf 46' lang='lat' dir='ltr'>dante*</span> 
     </span>
    </p>
   </div>
   <div class='ocr_carea' id='block_1_8' title="bbox 119 2811 1435 2882">
    <p class='ocr_par' dir='ltr' id='par_1_11' title="bbox 119 2811 1435 2882">
     <span class='ocr_line' id='line_1_40' title="bbox 929 2811 942 2826; baseline 0 0"><span class='ocrx_word' id='word_1_352' title='bbox 929 2811 942 2826; x_wconf 76' lang='lat' dir='ltr'>S</span> 
     </span>
     <span class='ocr_line' id='line_1_41' title="bbox 119 2825 1435 2882; baseline -0.005 -10"><span class='ocrx_word' id='word_1_353' title='bbox 119 2841 218 2872; x_wconf 66' lang='lat' dir='ltr'>nichil</span> <span class='ocrx_word' id='word_1_354' title='bbox 252 2825 405 2871; x_wconf 44' lang='lat' dir='ltr'>habente*</span> <span class='ocrx_word' id='word_1_355' title='bbox 433 2825 491 2882; x_wconf 62' lang='lat' dir='ltr'>ueS</span> <span class='ocrx_word' id='word_1_356' title='bbox 520 2839 572 2873; x_wconf 69' lang='lat' dir='ltr'>bis</span> <span class='ocrx_word' id='word_1_357' title='bbox 597 2841 707 2882; x_wconf 76' lang='lat' dir='ltr'>corr.)</span> <span class='ocrx_word' id='word_1_358' title='bbox 830 2841 874 2872; x_wconf 44' lang='grc' dir='ltr'>’.ω’</span> <span class='ocrx_word' id='word_1_359' title='bbox 901 2840 961 2869; x_wconf 68' lang='lat' dir='ltr'>diis</span> <span class='ocrx_word' id='word_1_360' title='bbox 988 2838 1027 2882; x_wconf 61' lang='grc' dir='ltr'>(ῆς</span> <span class='ocrx_word' id='word_1_361' title='bbox 1054 2837 1135 2880; x_wconf 71' lang='lat' dir='ltr'><em>del.)</em></span> <span class='ocrx_word' id='word_1_362' title='bbox 1258 2837 1435 2872; x_wconf 75' lang='lat' dir='ltr'>iffiortalib;</span> 
     </span>
    </p>
   </div>
  </div>
 </body>
</html>
