2008 3221
266 163 319 201 ‘20
633 153 736 179 DIAL.
765 151 801 179 11.
828 151 882 176 AD
916 146 1101 175 SERENVM
1129 145 1207 171 NEC
1234 142 1420 170 INIVRIAM
1446 142 1526 168 NEC

265 269 351 295 rem
397 251 602 292 difficilem
648 255 768 301 optas
811 247 994 285 humano
1039 242 1200 295 generi,
1241 241 1531 280 innocentiam.
1594 244 1635 278 et
1678 251 1762 276 non
1804 235 1891 275 fieri

265 338 409 366 eorum
443 325 633 368 interest,
675 319 743 370 qui
785 316 929 356 facturi
977 320 1095 362 sunt,
1138 326 1223 352 non
1255 312 1363 360 eius,
1404 311 1473 363 qui
1514 310 1599 362 pati
1641 322 1693 348 ne
1735 309 1767 347 si
1820 306 1892 345 fiat

217 434 220 437 .
265 398 433 449 quidem
467 397 618 445 potest.
681 390 810 428 immo
856 387 995 426 nescio
1039 399 1091 424 an
1135 383 1268 435 magis
1300 382 1406 421 uires
1438 381 1663 434 sapientiae
1694 378 1891 417 ostendat

268 465 537 517 tranquillitas
587 463 691 501 inter
740 459 1005 506 lacessentia,
1057 457 1163 495 sicut
1206 454 1438 493 maximum
1492 456 1785 504 argumentum
1829 453 1892 487 est

231 549 245 571 5
266 536 524 589 imperatoris
562 533 685 573 armis
718 531 895 582 uirisque
926 527 1120 581 pollentis
1153 531 1244 565 tuta
1265 524 1463 563 securitas
1496 523 1534 561 in
1565 521 1748 561 hostium
1771 525 1891 558 terra.

384 607 434 646 V.
475 605 740 649 Diuidamus,
775 601 806 640 si
839 600 913 640 tibi
944 599 1122 646 uidetur,
1156 595 1324 643 Serene,
1357 594 1541 633 iniuriam
1574 606 1598 631 a
1630 589 1891 630 contumelia.

265 680 375 733 prior
407 677 472 716 illa
504 681 649 715 natura
671 673 837 725 grauior
869 677 942 718 est,
976 670 1079 709 haec
1112 668 1240 707 leuior
1272 672 1313 704 et
1343 671 1505 704 tantum
1530 662 1712 702 delicatis
1745 661 1891 713 grauis,

266 765 347 803 qua
389 762 471 787 non
510 746 730 786 laeduntur
772 742 984 789 homines,
1027 740 1102 779 sed
1147 736 1428 776 offenduntur.
1490 739 1607 773 tanta
1647 738 1708 772 est
1751 738 1891 771 tamen

267 823 497 862 animorum
540 815 758 857 ‘dissolutio
802 819 843 853 et
885 812 1065 859 uanitas,
1105 815 1150 849 ut
1182 808 1352 861 quidam
1386 805 1483 845 nihil
1515 803 1702 844 acerbius
1734 807 1893 855 putent.

217 903 246 927 ¹0
267 893 323 932 sic
366 890 547 930 inuenies
591 899 756 927 seruum
800 884 869 936 qui
915 881 1087 934 flagellis
1130 893 1256 932 quam
1303 876 1490 930 colaphis
1533 874 1654 915 caedi
1694 872 1810 912 malit
1852 877 1894 911 et

265 964 332 1016 qui
376 967 555 1001 mortem
599 971 646 997 ac
688 955 863 996 uerbera
904 951 1185 993 tolerabiliora
1239 949 1382 988 credat
1424 960 1550 999 quam
1593 943 1895 984 contumeliosa

266 1034 403 1073 uerba.
466 1032 520 1070 ad
563 1035 700 1069 tantas
732 1026 906 1080 ineptias
939 1028 1187 1077 peruentum
1221 1026 1302 1068 est,
1346 1025 1391 1058 ut
1422 1031 1506 1057 non
1540 1016 1687 1056 dolore
1719 1019 1893 1061 tantum,
1921 1022 1938 1050 ,ζ

266 1105 339 1145 sed
383 1102 537 1142 doloris
581 1100 776 1153 opinione
819 1109 1039 1142 uexemur,
1091 1105 1210 1133 more
1252 1103 1502 1144 puerorum,
1544 1087 1692 1139 quibus
1736 1090 1896 1124 metum

267 1175 407 1215 incutit
460 1172 608 1212 umbra
661 1177 702 1210 et
755 1180 1027 1223 personarum
1089 1163 1332 1204 deformitas
1385 1168 1426 1200 et
1481 1160 1710 1211 deprauata
1761 1157 1895 1204 facies,

218 1257 247 1281 ¹5»
267 1247 456 1286 lacrimas
489 1257 588 1282 uero
632 1246 810 1281 euocant
850 1238 1020 1278 nomina
1060 1248 1208 1289 parum
1247 1238 1366 1285 grata
1398 1231 1563 1270 auribus
1597 1234 1638 1268 et
1672 1228 1896 1280 digitorum

269 1324 407 1357 motus
450 1321 489 1354 et
533 1314 610 1353 alia
651 1325 758 1364 quae
802 1312 942 1363 inpetu
995 1307 1181 1360 quodam
1235 1304 1383 1343 erroris
1426 1300 1629 1355 improuidi
1678 1298 1894 1349 refugiunt.

268 1389 409 1428 iniuria
436 1385 698 1439 propositum
730 1382 811 1421 hoc
843 1380 983 1432 habet⁷
1016 1378 1195 1430 aliquem
1225 1374 1335 1415 malo
1369 1373 1559 1413 adficere.
1612 1370 1723 1410 malo
1756 1375 1895 1408 autem
1923 1378 1941 1409 3

269 1459 467 1511 sapientia
501 1470 584 1495 non
617 1454 807 1505 relinquit
830 1452 980 1491 locum.
1024 1462 1152 1488 unum
1176 1448 1285 1486 enim
1318 1445 1370 1484 1111
1395 1443 1548 1483 malum
1583 1448 1645 1481 est
1668 1441 1896 1493 turpitudo,

269 1544 374 1582 quae
425 1529 574 1567 intrare
627 1539 678 1565 eo
733 1525 801 1563 ubi
854 1524 935 1562 iam
991 1521 1117 1560 uirtus
1157 1518 1466 1567 honestumque
1511 1519 1574 1552 est
1617 1525 1702 1551 non
1746 1515 1896 1564 potest.

217 1612 249 1635 2⁰
271 1614 372 1652 ergo
406 1600 437 1638 si
470 1599 612 1637 iniuria
649 1597 737 1635 sine
771 1594 881 1634 malo
914 1592 1026 1632 nulla
1059 1596 1143 1638 est,
1177 1588 1335 1629 malum
1375 1586 1449 1625 nisi
1481 1591 1601 1637 turpe
1633 1581 1790 1622 nullum
1824 1586 1898 1628 est,

269 1679 389 1724 turpe
422 1677 561 1709 autem
595 1669 649 1707 ad
682 1666 867 1706 honestis
900 1668 1152 1716 occupatum
1192 1658 1408 1713 peruenire
1441 1670 1525 1695 non
1557 1659 1723 1707 potest:
1759 1652 1899 1691 iniuria

270 1744 323 1781 ad
356 1742 586 1794 sapientem
619 1752 703 1778 non
736 1736 936 1790 peruenit.
1000 1747 1097 1772 nam
1140 1732 1172 1770 si
1205 1730 1345 1769 iniuria
1377 1727 1543 1767 alicuius
1577 1724 1670 1764 mali
1704 1722 1901 1776 patientia

271 1820 343 1861 est,
376 1813 538 1864 sapiens
582 1815 720 1850 autem
764 1807 911 1847 nullius
954 1805 1048 1844 mali
1093 1809 1155 1842 est
1197 1802 1377 1854 patiens,
1422 1797 1533 1837 nulla
1574 1797 1627 1835 ad
1670 1795 1900 1848 sapientem

270 1884 409 1922 iniuria
442 1883 630 1935 pertinet.
685 1880 819 1919 omnis
852 1877 992 1917 iniuria
1021 1874 1250 1914 deminutio
1283 1872 1368 1911 eius
1401 1876 1463 1909 est
1496 1869 1534 1907 in
1567 1880 1692 1919 quem
1724 1864 1943 1912 incurrit,

218 1968 346 1995 251166
378 1960 518 2007 potest
551 1953 770 2005 quisquam
814 1949 998 1988 iniuriam
1032 1947 1220 1998 accipere
1261 1944 1347 1982 sine
1379 1941 1517 1993 aliquo
1552 1939 1803 1978 detrimento
1837 1933 1902 1974 uel
1945 1920 1954 1927 .

271 2025 481 2077 dignitatis
524 2024 587 2063 uel
632 2022 818 2075 corporis
860 2019 927 2059 uel
969 2030 1107 2057 rerum
1152 2021 1273 2055 extra
1316 2026 1392 2052 nos
1436 2011 1677 2065 positarum.
1740 2006 1902 2059 sapiens

273 2103 412 2135 autem
455 2095 551 2134 nihil
594 2095 769 2148 perdere
802 2096 953 2145 potest.
1017 2088 1157 2128 omnia
1190 2087 1229 2125 in
1261 2100 1305 2125 se
1339 2083 1543 2137 reposuit,
1586 2078 1681 2118 nihil
1714 2077 1903 2116 fortunae

273 2167 458 2214 credidit,
490 2166 603 2204 bona
635 2178 707 2204 sua
739 2165 778 2203 111
811 2163 947 2202 solido
979 2160 1117 2207 habet,
1150 2162 1371 2197 contentus
1395 2155 1556 2200 uirtute,
1589 2163 1696 2202 quae
1727 2147 1903 2187 fortuitis

274 2251 355 2276 nun
398 2237 556 2288 indiget
600 2237 779 2287 ideoque
822 2247 898 2273 1166
940 2231 1079 2283 augeri
1131 2242 1207 2268 nec
1250 2227 1374 2266 minui
1417 2229 1569 2278 potest.
1643 2234 1739 2259 nam
1781 2224 1822 2258 et
1864 2218 1903 2257 in

221 2324 254 2347 311
275 2322 483 2346 summum
527 2308 728 2359 perducta
769 2304 1011 2344 incrementi
1055 2314 1137 2340 non
1181 2299 1339 2338 habent
1381 2296 1519 2336 locum
1565 2300 1606 2332 et
1647 2291 1743 2331 nihil
1786 2289 1905 2341 eripit

276 2378 439 2417 fortuna
489 2379 560 2416 nisi
613 2379 727 2429 quod
772 2377 897 2415 dedit.
980 2375 1173 2413 uirtutem
1227 2375 1366 2409 autem
1410 2380 1495 2406 non
1537 2366 1630 2412 dat,
1681 2361 1775 2401 ideo
1828 2372 1905 2399 nec

276 2448 465 2488 detrahit.
530 2448 658 2487 libera
691 2454 774 2495 cst,
818 2444 1082 2491 inuiolabilis,
1127 2443 1306 2488 inmota,
1350 2440 1617 2483 inconcussa,
1662 2433 1718 2471 sic
1760 2436 1905 2470 contra

278 2607 296 2634 J:
333 2604 509 2644 sapientiae
544 2602 689 2631 ostendat
725 2600 938 2640 tranquillitas
973 2596 1116 2641 Haupt:
1159 2594 1317 2636 sapientia
1352 2591 1501 2622 ostendat
1526 2587 1764 2629 tranquillitatis

279 2663 297 2691 s»
328 2662 543 2702 iimperatori»÷
674 2662 694 2686 δ’
723 2659 902 2689 111161111111111·
1028 2659 1117 2686 tanta
1143 2659 1187 2685 est
1215 2654 1280 2684 tax-n
1304 2651 1341 2684 ‘2⁸71
1369 2660 1442 2684 ras.
1573 2650 1592 2680 3)
1619 2651 1651 2679 ec
1678 2647 1722 2676 :w
1748 2644 1847 2675 nichil
1874 2647 1906 2676 et

1641 2692 1658 2717 li

277 2745 329 2777 sic
353 2753 493 2786 semper
522 2740 565 2774 (le
591 2751 660 2784 quo
686 2739 774 2773 nihil
798 2740 831 2772 7⁴71
859 2743 1043 2785 posterum
1069 2735 1320 2771 mlumueba'tm·
1445 2731 1475 2764 11
1508 2730 1705 2762 tolerabiora
1733 2728 1768 2769 (li
1787 2737 1831 2760 m.
1848 2735 1906 2770 pr.

1132 2784 1168 2808 311

277 2836 473 2870 311μυνςυν.)
549 2825 583 2855 is,
613 2825 730 2863 impetu
807 2822 837 2854 11
869 2823 998 2853 afficere
1063 2821 1101 2854 ⁴31
1134 2819 1278 2851 honestis
1343 2817 1387 2849 2⁵¹
1414 2814 1550 2846 credidit
1574 2809 1776 2855 Vl'oclfflin:
1806 2808 1906 2840 credit

397 2889 440 2916 13⁶³
468 2886 587 2915 habent
617 2881 746 2925 qun:
778 2885 875 2914 hahet
975 2883 1016 2914 :¹22²
1047 2881 1180 2911 immota
