1977 3231
597 118 702 145 DIAL.
725 119 773 146 IV.
812 119 866 145 DE
887 120 954 145 IRA
975 120 1046 146 Lm.
1069 119 1106 146 11.
1145 120 1188 146 20.
1211 121 1254 146 21.
1683 124 1726 161 7]

71 218 92 252 4
118 215 310 268 uoluptas
342 215 457 255 laxat
496 215 657 255 animos
690 222 730 255 et
762 222 979 270 temperat.
1042 216 1312 256 Umidioribus
1345 216 1664 269 siccioribusque
1696 222 1737 255 et

63 854 83 888 10

59 1913 79 1944 ὅ

113 285 253 338 rigidis
286 299 370 325 non
403 292 467 325 est
498 286 552 325 ab
585 286 643 325 ira
675 286 920 338 periculum,
953 288 1027 326 sed
1062 288 1220 326 maiora
1251 287 1348 325 uitia
1381 287 1606 326 metuenda
1633 292 1739 335 sunt,

111 369 244 409 pauor
275 362 317 395 et
350 355 568 395 difficultas
601 361 642 395 et
675 356 911 410 desperatio
945 363 986 396 et
1017 358 1282 410 suspiciones.
1346 356 1571 397 mollienda
1601 357 1740 410 itaque

112 426 376 479 fouendaque
417 425 514 466 talia
556 427 720 478 ingenia
761 433 803 467 et
845 428 885 467 in
927 427 1125 467 laetitiam
1158 428 1373 467 euocanda
1405 433 1511 468 sunt.
1573 433 1614 467 et
1645 428 1740 481 quia

111 497 197 536 aliis
229 503 376 537 contra
407 497 527 546 iram,
571 497 657 537 aliis
689 503 835 538 contra
866 498 1072 538 tristitiam
1106 498 1297 538 remediis
1330 499 1532 537 utendum
1566 504 1628 538 est
1660 511 1736 538 nec
1759 512 1774 536 5

111 567 388 607 dissimillimis
430 573 593 607 tantum
636 568 730 617 ista,
773 569 848 608 sed
887 569 1100 608 contrariis
1133 569 1317 608 curanda
1347 574 1462 617 sunt,
1505 582 1671 621 semper
1703 569 1738 608 ei

112 650 378 681 occurremus
410 638 523 690 quod
557 638 784 678 increuerit.

229 707 343 746 XXI.
400 708 644 757 Plurimum,
688 709 877 762 inquam,
920 707 1106 761 proderit
1146 722 1299 762 pueros
1341 709 1481 749 statim
1523 709 1741 749 salubriter

109 778 279 826 institui,
323 777 487 818 difficile
529 785 669 819 autem
712 781 899 832 regimen
931 785 1011 828 est,
1050 780 1145 832 quia
1183 780 1284 819 dare
1316 779 1520 819 debemus
1552 793 1738 832 operam,

110 862 162 888 ne
204 855 274 888 aut
313 849 415 888 iram
448 850 488 888 in
521 849 593 889 illis
627 851 854 890 nutriamus
886 855 957 890 aut
988 849 1172 890 indolem
1206 851 1489 890 retundamus.
1552 850 1739 902 diligenti
1763 860 1792 886 10

110 918 405 959 obseruatione
437 934 501 959 res
534 921 702 973 indiget.
766 927 987 973 utrumque
1019 921 1128 960 enim
1162 926 1204 960 et
1235 921 1350 973 quod
1382 920 1672 960 extollendum
1696 926 1737 960 et

108 990 224 1042 quod
267 990 587 1042 deprimendum
632 997 711 1040 est,
753 991 952 1031 similibus
991 991 1120 1031 alitur.
1181 991 1298 1031 facile
1330 998 1470 1031 autem
1504 993 1629 1031 etiam
1662 992 1735 1031 ad-

108 1061 354 1100 tendentem
411 1060 557 1100 similia
610 1062 831 1114 decipiunt.
904 1063 1050 1102 crescit
1099 1062 1263 1102 licentia
1304 1061 1488 1115 spirituS,¹
1540 1062 1737 1102 seruitute

109 1131 413 1170 comminuitur.
467 1131 663 1184 adsurgit,
696 1133 728 1171 si
759 1132 962 1181 laudatur,
996 1138 1038 1172 et
1069 1133 1109 1171 in
1141 1146 1260 1185 spem
1292 1133 1353 1172 sui
1385 1133 1541 1172 bonam
1567 1133 1737 1172 adduci-

107 1207 190 1249 tur,
233 1201 307 1240 sed
351 1202 500 1241 eadem
543 1202 621 1242 ista
663 1202 925 1242 insolentiam
959 1209 1000 1242 et
1032 1203 1285 1242 iracundiam
1318 1209 1542 1255 generant:
1598 1204 1737 1254 itaque
1761 1213 1790 1238 15

107 1272 164 1311 sic
205 1272 311 1311 inter
352 1278 575 1325 utrumque
617 1272 824 1325 regendus
863 1279 943 1322 est,
987 1279 1031 1312 ut
1063 1274 1194 1313 modo
1226 1272 1348 1313 frenis
1382 1279 1562 1321 utamur,
1607 1273 1738 1312 modo

107 1340 292 1381 stimulis.
355 1341 451 1381 nihil
483 1342 649 1392 humile,
681 1342 778 1383 nihil
811 1343 957 1383 seruile
988 1345 1179 1396 patiatur.
1242 1357 1470 1396 numquam
1493 1342 1547 1383 illi
1568 1356 1738 1382 necesse

107 1413 157 1452 sit
199 1413 629 1466 rogare-suppliciter
669 1427 747 1453 nec
791 1414 923 1466 prosit
964 1427 1154 1466 rogasse,
1196 1415 1335 1467 potius
1379 1428 1528 1454 causae
1566 1427 1665 1453 suae
1696 1419 1738 1453 et

63 1490 73 1519 ι·
109 1482 313 1535 prioribus
356 1483 472 1522 sactis
515 1489 556 1522 et
594 1483 715 1523 bonis
747 1485 786 1523 in
818 1483 1000 1524 futurum
1033 1485 1247 1537 promissis
1280 1486 1470 1524 donetur.
1533 1485 1572 1523 in
1605 1489 1734 1523 certa-

109 1553 288 1592 minibus
340 1553 573 1605 aequalium
612 1568 689 1593 nec
731 1555 834 1606 ringi
865 1554 977 1594 illum
1019 1557 1226 1608 patiamur
1267 1569 1344 1595 nec
1386 1556 1513 1595 irasci.
1586 1555 1734 1594 demus
1756 1564 1789 1589 20

109 1637 300 1676 operam,
344 1630 388 1663 ut
419 1623 626 1664 familiaris
658 1625 709 1664 sit
740 1626 808 1673 iis,
850 1639 944 1665 cum
978 1626 1126 1678 quibus
1159 1627 1415 1666 contendere
1446 1625 1577 1675 solet,
1621 1631 1665 1665 ut
1697 1625 1737 1664 in

107 1695 333 1734 certamine
355 1695 577 1734 adsuescat
599 1709 683 1734 non
704 1709 856 1735 nocere
879 1695 993 1745 uelle,
1026 1697 1100 1736 sed
1121 1698 1297 1736 uincere.
1348 1697 1541 1749 quotiens
1565 1709 1733 1749 supera-

107 1765 210 1804 uerit
242 1770 284 1803 et
319 1765 492 1817 dignum
525 1764 678 1818 aliquid
709 1765 833 1805 laude
864 1765 1017 1815 fecerit,
1050 1767 1194 1815 attolli,
1226 1781 1310 1807 non
1342 1768 1495 1819 gestire
1515 1767 1733 1819 patiamur.

107 1836 305 1887 gaudium
350 1836 458 1875 enim
498 1835 720 1885 exultatio,
762 1836 1065 1877 exultationem
1099 1843 1240 1878 tumor
1271 1843 1313 1877 et
1344 1838 1469 1877 nimia
1500 1836 1735 1896 aestimatio

106 1906 166 1945 sui
187 1906 381 1958 sequitur.
425 1906 618 1946 dabimus
640 1906 808 1960 aliquod
830 1907 1131 1956 laxamentum,
1164 1909 1203 1947 in
1226 1907 1428 1947 desidiam
1461 1921 1561 1947 uero
1584 1908 1734 1947 otium·
1756 1915 1789 1940 ‘25

106 1990 187 2028 que
230 1990 314 2015 non
351 1976 610 2017 resoluemus
648 1983 691 2017 et
721 1978 867 2030 procul
900 1992 923 2018 a
955 1984 1149 2018 contactu
1183 1978 1420 2018 deliciarum
1454 1978 1734 2018 retinebimus.

105 2045 203 2086 nihil
236 2047 345 2086 enim
378 2049 512 2099 magis
545 2048 640 2087 facit
672 2048 890 2088 iracundos
923 2062 1050 2100 quam
1084 2050 1276 2089 educatio
1309 2048 1444 2088 mollis
1477 2055 1518 2088 et
1549 2049 1729 2088 blanda:

105 2117 201 2156 ideo
224 2118 350 2156 unicis
373 2131 456 2170 quo
478 2118 571 2171 plus
593 2118 841 2170 indulgetur,
873 2118 1120 2172 pupillisque
1142 2134 1226 2172 quo
1248 2119 1340 2172 plus
1365 2119 1471 2168 licet,
1504 2120 1734 2172 corruptior

106 2188 265 2226 animus
307 2194 381 2227 est.
443 2202 527 2227 non
569 2189 734 2228 resistet
775 2189 943 2229 offensis
986 2190 1048 2229 cui
1081 2189 1178 2228 nihil
1209 2203 1393 2242 unquam
1426 2195 1625 2240 negatum
1659 2196 1733 2237 est,

105 2258 217 2297 cuius
257 2257 448 2298 lacrimas
480 2258 653 2299 sollicita
685 2272 851 2312 semper
883 2265 1017 2299 mater
1049 2261 1259 2313 apstersit,
1301 2260 1365 2300 cui
1396 2259 1449 2300 de
1481 2261 1733 2312 paedagogo
1755 2272 1788 2297 :30

103 2327 359 2368 satisfactum
393 2334 466 2369 est.
528 2343 613 2368 non
645 2330 771 2378 uides,
804 2336 849 2370 ut
881 2330 1082 2370 maiorem
1115 2344 1325 2383 quamque
1356 2330 1568 2371 fortunam
1601 2331 1734 2369 maior

103 2399 161 2438 ira
193 2399 441 2438 comitetur?
485 2399 524 2438 in
557 2399 752 2438 diuitibus
785 2406 826 2439 et
858 2399 1066 2439 nobilibus
1098 2406 1140 2440 et
1173 2401 1484 2451 magistratibus
1512 2401 1733 2453 praecipue

206 2539 212 2570 1
244 2539 467 2575 humidiorib3
503 2539 627 2581 (locum
655 2539 689 2572 in
716 2541 805 2581 ras.)
918 2541 952 2572 153
987 2541 1101 2571 erescit
1128 2550 1219 2573 anus
1246 2539 1483 2574 (lelere'ormm
1519 2545 1639 2572 crescet

111 2596 145 2628 14⁷
174 2598 310 2637 assurgit
337 2597 454 2642 (prior
479 2609 493 2628 s
520 2598 631 2640 corr.)
762 2598 796 2630 [ἵν
824 2599 931 2640 itaque
956 2600 1002 2630 sie
1029 2597 1120 2641 cod„
1147 2600 1192 2630 sie
1220 2601 1325 2640 itaque
1353 2598 1459 2643 lculsso
1581 2599 1624 2633 ⁴20
1651 2600 1733 2640 ringi

103 2653 223 2688 Koch:
260 2657 346 2687 uinci
375 2655 465 2697 cod„
500 2655 598 2700 quod
631 2655 729 2690 nullo
760 2663 870 2701 pacto
906 2657 988 2691 uoci
1019 2657 1131 2690 irasm'
1155 2667 1337 2702 opponere
1364 2657 1465 2694 licem
1502 2669 1615 2702 neque
1643 2668 1730 2702 pro-

102 2712 223 2748 hibere
252 2719 425 2758 poterant
448 2720 707 2760 praeceptores·
733 2716 922 2760 quominus
955 2716 989 2749 in
1023 2715 1275 2750 cerlamz‘m'bns
1301 2715 1373 2749 illis
1399 2715 1575 2750 alleruler
1600 2727 1729 2760 aequa-

104 2770 188 2806 lium
215 2773 373 2807 uinceret
478 2774 516 2807 21
549 2770 718 2805 familiar?
850 2776 894 2808 22
922 2782 1081 2806 assuescat
1109 2774 1228 2818 (prior
1253 2785 1267 2805 S
1293 2775 1402 2815 corr.)
1510 2776 1553 2808 ‘lli
1581 2780 1731 2807 contactu

103 2828 317 2865 deteriores:
345 2833 471 2863 ‘c'tractu
568 2832 612 2865 :50
639 2833 785 2864 abstersit
