2008 3221
212 856 242 880 1¹)

211 1211 240 1235 15

205 1563 239 1587 ‘20

205 2275 239 2299 :50

274 114 327 154 86
706 137 712 140 ,
776 110 879 136 DIAL.
902 110 936 137 V.
975 111 1028 135 DE
1049 111 1116 136 IRA
1138 110 1208 138 LIB.
1231 111 1284 138 111.
1326 113 1348 138 1.
1369 114 1394 138 2.

268 207 347 247 alia
379 207 671 247 inreuocabilia
703 213 810 249 sunt,
843 208 938 259 quia
969 220 1053 246 non
1083 214 1193 256 eunt,
1225 209 1301 247 sed
1324 210 1490 256 cadunt,
1523 209 1605 248 uim
1628 223 1743 248 suam
1768 210 1901 262 magis

267 292 316 318 ac
350 279 482 329 magis
515 278 700 317 intendit.
763 276 842 317 alia
880 279 976 318 uitia
1018 292 1043 318 a
1075 279 1257 327 ratione,
1301 279 1384 319 hoc
1424 293 1448 319 a
1489 280 1667 319 sanitate
1699 280 1939 319 desciscit?

267 348 345 388 alia
377 361 568 387 accessus
599 348 713 388 lenes
745 348 903 388 habent
926 355 967 388 et
999 350 1257 390 incrementa
1277 349 1482 390 fallentia:
1519 351 1558 390 in
1591 350 1693 390 iram
1717 351 1902 390 deiectus

266 419 500 458 animorum
535 426 608 458 est.
671 418 781 458 nulla
813 420 952 472 itaque
984 434 1049 459 res
1084 427 1206 472 urget
1245 422 1378 473 magis
1421 422 1598 461 attonita
1640 427 1681 460 et
1723 417 1763 460 in
1795 422 1901 460 uires

269 503 363 528 suas
395 503 527 542 prona
560 497 601 529 et
633 491 719 529 siue
751 491 969 539 successit,
1010 491 1211 544 superba,
1245 492 1331 531 siue
1363 491 1596 539 frustratur,
1634 493 1787 532 insana.
1849 506 1901 532 ne

264 560 428 612 repulsa
461 561 629 613 quidem
663 562 700 599 in
735 562 919 600 taedium
953 568 1058 609 acta,
1092 562 1160 601 ubi
1193 563 1477 602 aduersarium
1500 562 1666 602 fortuna
1687 563 1900 610 subduxit,

263 631 303 669 in
335 645 380 670 se
411 632 499 685 ipsa
543 645 706 671 morsus
749 646 848 671 suos
891 634 1024 672 uertit.
1088 646 1165 673 nec
1204 632 1347 681 refert,
1389 639 1591 686 quantum
1634 634 1685 674 sit
1729 647 1783 673 ex
1815 647 1900 686 quo

263 702 488 741 surrexerit
562 716 614 742 ex
647 703 862 742 leuissimis
896 704 1005 742 enim
1039 704 1078 742 in
1112 704 1295 743 maxima
1328 704 1479 743 euadit.

382 774 428 812 H.
482 773 650 813 Nullam
690 775 836 813 transit
878 781 1085 822 aetatem,
1124 774 1281 814 nullum
1315 774 1533 814 hominum
1567 788 1700 827 genus
1732 775 1898 828 excipit.

263 846 471 897 quaedam
495 852 642 896 gentes
666 845 870 884 beneficio
895 847 1093 898 egestatis
1117 860 1198 885 nor.
1224 860 1378 885 nouere
1411 845 1629 885 luxuriam.
1678 847 1900 897 quaedam,

264 916 358 967 quia
391 916 600 955 exercitae
641 922 682 955 et
721 930 854 968 uagae
887 924 1002 961 sunt,
1043 917 1225 969 effugere
1259 917 1479 969 pigritiam.
1534 916 1682 968 quibus
1724 917 1900 956 incultus

262 1000 356 1025 mos
399 987 658 1038 agrestisque
702 987 785 1025 uita
828 994 910 1035 est,
961 984 1287 1040 circumscriptio
1330 988 1475 1039 ignota
1518 993 1581 1026 est
1624 993 1665 1026 et
1709 986 1819 1027 fraus
1858 994 1899 1027 et

261 1058 560 1110 quodcumque
604 1058 642 1096 in
686 1057 778 1097 foro
813 1058 968 1097 malum
1001 1059 1204 1098 nascitur:
1252 1058 1362 1097 nulla
1393 1071 1496 1110 gens
1529 1064 1612 1103 est,
1655 1071 1781 1111 quam
1813 1072 1899 1098 non

262 1128 319 1167 ira
351 1129 540 1180 instiget,
580 1134 666 1167 tam
711 1130 816 1168 inter
849 1128 998 1169 Graios
1040 1143 1166 1182 quam
1205 1130 1311 1168 inter
1353 1129 1557 1169 barbaros
1599 1135 1770 1181 potens,
1814 1143 1898 1168 non

262 1199 395 1238 minus
437 1200 668 1251 perniciosa
708 1199 822 1252 leges
866 1200 1150 1239 metuentibus
1192 1214 1318 1252 quam
1368 1200 1517 1252 quibus
1559 1201 1644 1239 iura
1687 1200 1899 1252 distinguit

261 1271 414 1309 modus
437 1270 595 1309 uirium.
648 1271 827 1323 denique
851 1277 990 1310 cetera
1013 1270 1198 1323 singulos
1224 1271 1460 1323 corripiunt,
1494 1270 1559 1310 hic
1582 1284 1685 1310 unus
1708 1269 1896 1310 adfectus
1924 1286 1941 1312 ζ

260 1347 335 1388 est,
369 1341 436 1393 qui
468 1341 678 1380 interdum
711 1341 874 1393 publice
908 1342 1148 1394 concipitur.
1210 1355 1439 1394 numquam
1472 1340 1650 1393 populus
1684 1341 1897 1381 uniuersus

259 1411 437 1451 feminae
469 1425 614 1451 amore
648 1411 850 1464 flagrauit,
883 1425 960 1451 nec
993 1413 1031 1450 in
1064 1413 1283 1464 pecuniam
1316 1418 1386 1451 aut
1428 1411 1587 1455 lucrum
1630 1418 1723 1450 tota
1755 1412 1897 1451 ciuitas

260 1496 379 1535 spem
422 1496 539 1521 suam
584 1483 704 1522 misit.
768 1482 941 1522 ambitio
985 1483 1134 1522 uiritim
1187 1482 1372 1535 singulos
1415 1489 1604 1535 occupat.
1667 1482 1898 1535 inpotentia

264 1553 374 1605 [non'
411 1559 474 1592 est
507 1552 665 1592 malum
698 1553 937 1606 publicum:
984 1567 1111 1606 saepe
1143 1554 1183 1592 in
1225 1554 1327 1593 iram
1360 1567 1444 1593 uno
1486 1554 1653 1605 agmine
1686 1554 1787 1592 itum
1821 1558 1895 1592 est.

260 1625 343 1671 uiri,
378 1623 567 1671 feminae,
599 1638 731 1671 senes,
774 1625 902 1677 pueri,
945 1625 1149 1677 principes
1182 1624 1416 1677 uolgusque
1448 1638 1698 1664 consensere
1731 1630 1772 1663 et
1804 1630 1895 1664 tota
1922 1632 1942 1662 ξ’.

260 1694 485 1734 multitudo
522 1695 779 1747 paucissimis
821 1695 959 1734 uerbis
1003 1695 1212 1735 concitata
1253 1696 1388 1748 ipsum
1432 1695 1735 1734 concitatorem
1779 1700 1892 1733 ante-

259 1767 392 1806 cessit.
456 1767 511 1805 ad
553 1780 669 1805 arma
710 1766 898 1818 protinus
941 1767 1142 1818 ignesque
1185 1767 1416 1805 discursum
1450 1772 1513 1804 est
1546 1771 1588 1804 et
1620 1765 1774 1804 indicta
1806 1764 1892 1803 fini-

259 1838 368 1876 timis
420 1836 530 1876 bella
581 1842 652 1875 aut
704 1842 824 1888 gesta
876 1850 971 1875 cum
1024 1837 1190 1875 ciuibus.
1274 1842 1390 1875 totae
1444 1848 1538 1874 cum
1601 1835 1729 1888 stirpe
1781 1835 1893 1874 omni
1930 1839 1938 1849 '

205 1922 238 1946 25.
259 1914 468 1947 crematae
523 1908 673 1946 domus
717 1913 759 1946 et
804 1907 935 1946 modo
988 1906 1155 1960 eloquio
1200 1906 1415 1946 fauorabili
1468 1905 1635 1945 habitus
1676 1907 1715 1945 in
1762 1905 1893 1945 multo

260 1978 420 2018 honore
453 1979 555 2017 iram
588 1992 686 2017 suae
710 1979 914 2017 contionis
937 1978 1113 2031 excepit.
1177 1978 1216 2016 in
1244 1977 1541 2030 imperatorem
1567 1990 1687 2017 suum
1709 1977 1896 2029 legiones

259 2049 341 2103 pila
373 2055 593 2088 torserunt.
657 2049 828 2088 dissedit
870 2048 990 2101 plebs
1032 2055 1125 2088 tota
1163 2062 1257 2088 curn
1291 2048 1489 2101 patribus.
1551 2047 1760 2101 publicum
1795 2061 1891 2086 con-

259 2120 404 2167 silium,
440 2120 634 2171 {senatus}
660 2133 744 2159 non
773 2120 1006 2171 expectatis
1041 2119 1258 2158 dilectibus
1291 2133 1367 2158 nec
1399 2119 1618 2158 nominato
1640 2119 1894 2171 imperatore

259 2191 420 2231 subitos
452 2191 535 2230 irae
567 2204 666 2229 suae
700 2191 826 2229 duces
858 2189 959 2241 legit
993 2204 1041 2229 ac
1074 2205 1147 2243 per
1179 2196 1290 2229 tecta
1313 2190 1425 2229 urbis
1457 2189 1607 2229 nobilis
1631 2194 1895 2228 consectatus

260 2262 369 2301 uiros
411 2261 655 2314 supplicium
699 2275 824 2300 manu
868 2262 1054 2313 sumpsit.
1118 2260 1298 2300 uiolatae
1347 2261 1579 2312 legationes
1633 2266 1757 2312 rupto
1809 2260 1933 2300 iure?

259 2416 280 2448 ἴ.)
309 2416 443 2445 intendit
474 2412 600 2447 Gertz:
632 2415 731 2444 tendit
831 2415 975 2445 aratione
1003 2414 1036 2456 (a
1056 2424 1117 2459 pr.
1147 2413 1258 2455 corr.)
1356 2423 1433 2443 asan
1462 2414 1468 2443 i
1497 2417 1562 2443 tate
1587 2413 1712 2444 esciscit
1739 2412 1836 2453 (ame
1862 2422 1894 2442 es*

261 2472 390 2506 charta
417 2471 539 2506 lacera
566 2478 634 2513 est)
774 2475 793 2503 :1
824 2474 853 2503 111
882 2474 963 2503 iram
993 2474 1037 2515 (m
1063 2482 1120 2517 pr.
1148 2483 1191 2506 m.
1221 2476 1259 2505 ut
1283 2470 1372 2512 uid.)
1400 2470 1491 2510 cod„
1519 2472 1549 2502 in
1577 2472 1623 2502 ira
1650 2469 1759 2514 Νηίῳ)

266 2532 276 2565 Ῑ
310 2533 340 2563 111
368 2544 400 2563 se
428 2533 496 2573 ipsa
523 2530 613 2567 cod..
642 2533 671 2562 111
700 2546 731 2562 st·
759 2533 862 2573 ipsam
883 2530 946 2570 E',
975 2529 1200 2565 commenda(
1220 2529 1340 2569 Gertz,
1365 2528 1432 2564 sed
1455 2528 1539 2563 uide
1557 2532 1588 2572 4,
1609 2531 1627 2562 2
1647 2541 1719 2560 cum
1746 2540 1780 2561 se
1805 2530 1895 2570 ipsae

262 2603 375 2622 manus⁴
402 2591 550 2631 frangunt
578 2594 610 2623 e!
642 2593 668 2631 1,
705 2593 723 2621 :3
751 2602 784 2622 <e
811 2592 879 2632 ipsa
915 2592 1042 2632 rapiens
1068 2591 1222 2622 uiolentia
1373 2590 1409 2621 111
1438 2590 1568 2620 affectus
1601 2588 1719 2633 (prior
1745 2588 1892 2626 s·(·0r7·.)

374 2650 418 2683 {20
444 2661 508 2680 non
535 2648 683 2682 induxit
712 2648 860 2695 ,Macltll'q
966 2651 995 2680 111
1024 2651 1104 2680 iram
1133 2648 1348 2682 deleriores:
1379 2649 1459 2678 inira
1572 2647 1611 2680 ‘21
1643 2648 1795 2688 uulgusq3

260 2710 305 2743 25
333 2710 504 2740 fauorabili
532 2707 701 2753 Madm'ss:
733 2709 922 2740 fauorabilis
1026 2710 1069 2741 '2³'
1096 2714 1222 2739 senatus
1249 2706 1397 2741 induxit
1420 2705 1533 2747 Koch,
1559 2705 1659 2750 qnod
1683 2715 1760 2739 esse
1784 2705 1892 2739 inler-

259 2773 522 2812 [ηἐίαηιιήῑηηι
550 2774 724 2812 apparel:
755 2766 802 2810 cll
827 2766 915 2801 Vell.
937 2766 1014 2801 Pat.
1047 2769 1074 2802 1,
1095 2771 1125 2805 ὅ,
1147 2770 1165 2798 11
1193 2768 1246 2798 1116
1273 2771 1401 2798 centum
1429 2766 1576 2796 homines
1604 2766 1723 2796 eleetos
1748 2765 1893 2806 appella·

261 2832 374 2868 tosque
401 2833 506 2868 patres
534 2828 631 2857 instar
657 2828 769 2857 habuit
799 2827 922 2857 consilii
952 2827 1071 2867 publici
1195 2826 1239 2859 ⁴39
1267 2829 1350 2856 tecta
1362 2835 1382 2854 -:÷:-
1527 2824 1572 2857 :10
1598 2825 1718 2855 uiolate
