2008 3236
211 111 294 150 290
494 86 683 133 DIALJXH.
723 105 776 130 AD
798 104 1000 130 POLYBIVM
1021 105 1074 130 DE
1095 105 1417 132 CONSOLATIONE.
1457 107 1499 133 17.
1517 108 1558 133 18.

209 218 382 257 possum
427 211 589 251 tamen,
632 216 727 243 cum
770 215 919 241 omnes
963 201 1188 241 circuierim
1223 202 1445 249 Caesares,
1488 203 1635 255 quibus
1678 203 1844 243 fortuna

210 275 354 315 fratres
407 287 658 326 sororesque
710 273 875 325 eripuit,
928 273 1037 312 hunc
1088 274 1312 325 praeterire
1361 287 1415 312 ex
1458 275 1573 313 omni
1616 274 1843 314 Caesarum

210 360 384 386 numero
418 345 745 397 excerpendum,
778 357 903 396 quem
937 357 1075 382 rerum
1108 350 1254 382 natura
1285 345 1324 382 in
1354 345 1526 384 exitium
1550 345 1842 397 opprobrium-

210 431 291 470 que
323 417 492 456 humani
525 416 688 467 generis
717 415 858 463 edidit,
891 428 915 454 a
936 428 1020 466 quo
1045 415 1260 467 imperium
1285 429 1474 454 euersum
1500 421 1625 468 atque
1647 412 1844 455 adustum

174 489 392 529 5funditus
436 488 627 539 principis
671 486 872 526 mitissimi
915 492 1075 525 recreat
1117 485 1348 525 clementia.
1413 486 1457 526 C.
1499 485 1652 525 Caesar
1694 487 1846 526 amissa
1870 496 1890 529 4

209 573 355 599 sorore
388 557 588 606 Drusilla,
633 557 664 596 is
708 557 861 605 homo,
904 558 973 609 qui
1015 570 1098 596 non
1142 559 1275 609 magis
1319 557 1462 596 dolere
1503 571 1629 609 quam
1663 557 1845 609 gaudere

209 630 489 685 principaliter
521 635 677 681 posset,
711 634 986 699 conspeaectum
1021 630 1471 680 conuersationemque
1504 629 1651 667 ciuium
1675 641 1844 667 suorum

209 700 416 755 profugit,
469 701 657 752 exequiis
706 700 860 738 sororis
914 713 1013 738 suae
1055 713 1139 738 non
1183 699 1386 747 interfuit,
1439 700 1546 738 iusta
1587 700 1718 738 sorori
1761 712 1846 737 non

209 772 433 826 praestitit,
465 772 540 810 sed
574 772 612 810 in
647 770 818 810 Albano
851 784 927 809 suo
961 769 1128 810 tesseris
1161 784 1209 809 ac
1243 770 1333 810 foro
1367 777 1408 810 et
1439 771 1676 823 peruagatis
1709 769 1844 809 huius-

161 858 191 884 10
213 844 328 883 modi
371 842 456 883 aliis
499 842 843 895 occupationibus
886 842 1138 881 acerbissimi
1178 841 1328 881 funeris
1361 841 1554 881 eleuabat
1587 841 1696 881 mala
1771 855 1845 893 pro

209 916 348 969 pudor
391 914 575 966 imperii!
631 913 824 966 principis
857 913 1039 952 Romani
1081 913 1260 964 lugentis
1302 927 1493 952 sororem
1525 913 1615 952 alea
1646 913 1844 953 solacium

210 986 292 1026 fuit.
356 987 468 1025 idem
508 985 573 1024 ille
607 984 733 1024 Gaius
766 984 917 1024 furiosa
950 985 1226 1024 inconstantia
1258 985 1391 1024 modo
1424 984 1600 1024 barbam
1633 984 1846 1037 capillum·
1875 991 1894 1024 5

211 1071 291 1110 que
314 1058 592 1104 summittens,
626 1057 757 1095 modo
781 1055 924 1095 Italiae
947 1069 995 1094 ac
1017 1054 1176 1095 Siciliae
1199 1070 1294 1094 oras
1316 1055 1574 1095 errabundus
1596 1056 1848 1108 permetiens

213 1135 254 1168 et
297 1141 526 1180 numquam
571 1128 670 1167 satis
717 1133 874 1175 certus,
918 1133 1055 1166 utrum
1100 1127 1231 1179 lugeri
1274 1127 1397 1166 uellet
1440 1141 1491 1166 an
1531 1126 1609 1166 coli
1647 1140 1848 1174 sororem,

162 1215 190 1238 15
212 1202 365 1240 eodem
411 1200 523 1239 omni
565 1206 780 1251 tempore,
824 1212 908 1251 quo
941 1198 1099 1251 templa
1131 1198 1184 1238 illi
1217 1199 1498 1238 constituebat
1531 1212 1579 1237 ac
1610 1197 1847 1251 puluinaria,

211 1285 284 1311 eos
336 1272 404 1323 qui
455 1284 600 1324 parum
646 1271 794 1309 maesti
836 1270 1017 1317 fuerant,
1071 1269 1354 1309 crudelissima
1396 1269 1619 1309 adficiebat
1661 1269 1847 1308 animad-

211 1343 414 1382 uersione.
478 1343 629 1381 eadem
674 1342 782 1381 enim
826 1341 1071 1394 intemperie
1114 1341 1238 1380 animi
1272 1342 1542 1380 aduersarum
1576 1354 1711 1379 rerum
1746 1340 1849 1378 ictus

212 1413 325 1453 fereb
344 1420 383 1461 it,
411 1427 493 1465 qua
514 1414 792 1453 secundarum
817 1412 948 1451 elatus
972 1418 1124 1451 euentu
1147 1426 1270 1464 super
1294 1413 1521 1451 humanum
1546 1410 1851 1450 intumescebat

213 1486 399 1524 modum.
463 1484 608 1536 procul
641 1485 750 1523 istud
781 1483 1025 1536 exemplum
1050 1483 1103 1522 ab
1127 1485 1240 1523 omni
1265 1484 1462 1522 Romano
1486 1485 1538 1522 sit
1561 1483 1661 1529 uirO,
1692 1481 1849 1521 luctum
1877 1486 1897 1519 6

158 1569 191 1593 20
212 1570 332 1595 suum
376 1562 446 1596 aut
489 1556 791 1608 intempestiuis
834 1568 1013 1594 auocare
1055 1554 1213 1594 lusibus
1245 1560 1315 1593 aut
1347 1555 1534 1594 sordium
1569 1568 1617 1593 ac
1649 1553 1850 1605 squaloris

213 1627 414 1666 foeditate
447 1628 613 1667 inritare
646 1632 717 1666 aut
740 1626 880 1666 alienis
904 1626 1023 1665 malis
1046 1626 1260 1666 oblectare
1283 1626 1452 1665 minime
1474 1625 1658 1664 humano
1681 1624 1849 1664 solacio.

332 1698 486 1738 XVIII.
540 1698 634 1737 Tibi
677 1711 777 1737 uero
821 1697 917 1736 nihil
963 1711 1016 1736 ex
1056 1699 1359 1737 consuetudine
1393 1697 1640 1736 mutandum
1674 1701 1737 1735 est
1769 1700 1895 1743 tua‚l

213 1771 411 1822 quoniam
445 1769 614 1822 quidem
649 1783 697 1809 ea
729 1770 937 1808 instituisti
971 1782 1113 1808 amare
1145 1769 1294 1817 studia,
1330 1782 1436 1821 quae
1470 1774 1511 1807 et
1544 1768 1705 1820 optime
1727 1766 1848 1807 felici-

214 1848 345 1881 tatem
396 1841 595 1880 excolunt
647 1847 687 1880 et
739 1840 931 1880 facillime
975 1842 1165 1879 minuunt
1208 1839 1490 1879 calamitatem
1533 1839 1767 1890 eademque
1809 1842 1850 1876 et

159 1924 193 1949 ‘25
215 1918 463 1952 ornamenta
507 1912 693 1951 maxima
736 1911 953 1951 hominum
997 1917 1093 1950 sunt
1127 1917 1168 1950 et
1201 1910 1364 1950 solacia.
1432 1910 1526 1962 [37]
1572 1923 1680 1948 nunc
1712 1909 1851 1960 itaque

213 1989 254 2023 te
287 1983 433 2023 studiis
466 1983 546 2022 tuis
578 1983 767 2035 immerge
800 1982 930 2029 altius,
964 1996 1072 2021 nunc
1103 1981 1170 2021 illa
1202 1982 1276 2021 tibi
1309 1981 1421 2021 uelut
1445 1981 1704 2020 munimenta
1726 1979 1851 2019 animi

222 2137 228 2168 1
270 2137 452 2167 circuierim
483 2133 551 2169 DE
582 2136 750 2166 circuerim
782 2133 812 2168 Β
981 2135 1001 2168 4
1035 2136 1170 2176 impium
1201 2132 1232 2167 I)
1386 2145 1529 2166 euersum
1558 2131 1613 2166 Ει
1649 2144 1795 2164 auersum
1822 2132 1851 2166 Α

216 2197 389 2227 aduersum
419 2193 485 2228 BD
517 2196 668 2226 aduersus
696 2193 731 2227 E
889 2195 908 2228 5
942 2195 1105 2226 mitissimi
1134 2193 1163 2226 A
1197 2194 1384 2235 peritissimi
1418 2192 1447 2226 Β
1478 2193 1615 2234 piissimi
1648 2190 1714 2226 DE

214 2256 253 2287 G.
283 2256 383 2286 Cesar
412 2253 443 2287 B
565 2255 584 2285 (5
619 2254 730 2285 dolere
755 2255 844 2296 quod
869 2255 1012 2295 gaudere
1040 2252 1072 2286 B
1194 2252 1214 2285 f)
1250 2254 1374 2285 tesseris
1400 2251 1431 2286 A
1468 2253 1599 2284 cesseris
1644 2251 1672 2284 Β
1698 2252 1792 2283 cessit
1819 2249 1852 2284 D

214 2315 342 2345 cesserit
371 2312 406 2346 Ε
524 2318 552 2345 et
580 2314 765 2355 peruagatis
790 2314 978 2344 huiusmodi
1006 2311 1107 2346 Koch
1140 2317 1168 2344 et
1196 2313 1378 2354 peruocatis
1404 2313 1590 2344 huiusmodi
1619 2312 1647 2345 Α
1681 2316 1710 2343 et
1738 2321 1852 2352 perilo—

215 2375 294 2404 catis
321 2378 350 2404 et
376 2374 561 2404 huiusmodi
593 2371 657 2406 BD
692 2385 729 2404 ex
756 2374 941 2414 prouocatis
969 2378 998 2404 et
1032 2373 1218 2404 huiusmodi
1245 2370 1280 2404 Ε
1474 2371 1511 2404 ll
1548 2371 1705 2402 solacium
1739 2370 1795 2400 suit
1822 2368 1852 2402 A

214 2434 383 2464 solentium
411 2433 467 2463 suit
499 2431 527 2465 B
554 2433 700 2463 solamen
728 2433 883 2474 principis
910 2433 966 2463 fuit
995 2430 1028 2465 Ε
1166 2432 1202 2464 123
1238 2432 1336 2462 horas
1363 2429 1434 2464 BE
1557 2430 1596 2463 15
1632 2430 1791 2471 pulmaria
1824 2427 1852 2461 Β

341 2491 377 2525 16
405 2493 712 2523 adnimaduersione
734 2491 764 2525 B
893 2491 929 2525 lT
957 2493 1071 2523 eadem
1099 2491 1213 2522 eadem
1239 2489 1268 2523 B
1390 2489 1429 2523 19
1457 2491 1498 2521 ab
1526 2490 1615 2521 omni
1635 2490 1786 2519 Romano
1813 2489 1852 2519 sit

215 2553 283 2583 uiro
303 2552 332 2584 A
360 2552 401 2582 ab
428 2552 517 2582 omni
545 2552 711 2582 mundano
737 2552 806 2582 uiro
831 2550 860 2584 B
886 2557 930 2582 est
958 2552 1000 2582 ab
1027 2552 1116 2581 omni
1136 2552 1288 2582 Romano
1315 2550 1384 2581 uiro
1409 2548 1472 2582 DE
1588 2550 1632 2581 ¹31)
1659 2556 1710 2579 aut
1738 2548 1851 2578 intem-

214 2612 343 2652 pesliuis
363 2622 502 2642 auocare
523 2608 556 2643 E
580 2609 775 2644 Pincl‘mlus
795 2609 856 2655 (cs.
884 2613 908 2650 l,
931 2612 960 2651 3,
986 2610 1039 2652 10)
1068 2616 1118 2641 aut
1139 2609 1370 2651 intempestiuis
1389 2619 1508 2640 uocare
1527 2606 1593 2641 AB
1620 2607 1851 2649 intempestiuis

215 2681 333 2701 uocare
364 2669 392 2703 D
427 2675 480 2701 aut
509 2671 740 2712 intempestiuis
767 2681 923 2702 seuocare
952 2668 1059 2704 Gertz
1214 2669 1384 2700 sordidum
1413 2679 1449 2699 ac
1480 2666 1511 2701 Β
1545 2668 1712 2698 sordidum
1741 2671 1791 2697 aut
1823 2663 1852 2698 l)

335 2729 378 2762 ‘22
407 2735 452 2761 est
480 2741 515 2761 ex
543 2731 772 2761 comuctudim:
799 2730 988 2761 mutandum
1018 2734 1069 2760 tna
1097 2727 1167 2762 DE
1286 2728 1328 2761 23
1357 2728 1489 2759 instituti
1521 2725 1550 2759 B
1672 2730 1702 2757 et
1729 2725 1852 2767 optime

216 2787 382 2822 Muretus
408 2789 532 2830 optimc
559 2795 587 2820 ct
615 2788 645 2822 Α
657 2787 757 2822 BDE
875 2788 919 2822 24
954 2789 1102 2820 excolunt
1128 2787 1275 2832 Lipsius
1302 2787 1456 2818 extollunt
1481 2785 1591 2829 uulyo
1721 2784 1765 2817 ‘25
1805 2784 1850 2814 in-

217 2859 327 2889 merge
354 2848 448 2879 altius
476 2846 671 2881 Pincianus
698 2850 890 2891 immergere
916 2849 1020 2880 acrius
1048 2845 1150 2881 ΑΒΕ
1172 2848 1366 2888 immergere
1392 2846 1489 2877 atrius
1519 2844 1550 2881 B
