2008 3221
224 848 252 872 10

225 1202 254 1226 15

223 1553 256 1578 20

229 2262 263 2287 30

271 107 324 146 60
775 99 880 126 DIAL.
903 100 951 126 IV.
990 100 1044 125 DE
1063 100 1132 125 IRA
1152 99 1223 126 LIB.
1246 99 1283 126 11.
1310 102 1335 128 6.
1359 101 1384 127 ἶ.

389 199 462 238 VI.
526 198 680 244 Virtus,
714 198 854 249 inquit,
887 202 931 236 ut
959 196 1145 236 honestis
1174 196 1298 236 rebus
1319 197 1500 249 propitia
1527 202 1600 244 est,
1632 197 1689 237 ita
1712 196 1899 250 turpibus

271 270 374 309 irata
417 283 508 308 esse
541 268 680 308 debet.
743 268 842 320 quid
875 267 908 307 si
947 267 1058 306 dicat
1091 267 1286 306 uirtutem
1320 274 1361 307 et
1392 267 1592 307 humilem
1626 273 1667 307 et
1700 281 1899 320 magnam

272 353 362 379 esse
404 339 585 378 debere?
629 339 741 390 atqui
783 337 867 377 hoc
908 338 1028 385 dicit,
1070 338 1139 390 qui
1181 336 1293 376 illam
1332 337 1477 377 extolli
1519 337 1606 378 uult
1638 344 1679 377 et
1712 339 1900 390 deprimi,

272 410 468 462 quoniam
501 408 655 448 laetitia
698 408 755 447 ob
794 414 908 448 recte
950 408 1105 447 factum
1149 407 1258 447 clara
1302 407 1607 461 magnificaque
1639 414 1713 457 est,
1755 409 1813 448 ira
1845 409 1902 448 ob

273 480 451 519 alienum
483 485 704 532 peccatum
736 478 908 518 sordida
950 484 992 518 et
1033 479 1197 531 angusti
1238 479 1419 531 pectoris
1459 484 1532 518 est.
1595 493 1671 518 nec
1702 492 1902 531 umquam

273 551 510 589 committet
532 550 670 597 uirtus,
694 555 737 588 ut
761 550 868 598 uitia,
892 550 993 589 dum
1016 550 1243 602 conpescit,
1266 550 1474 588 imitetur:
1500 550 1603 589 iram
1626 550 1760 601 ipsam
1784 549 1901 589 casti-

272 621 457 672 gandam
479 621 618 663 habet,
648 634 755 672 quae
778 619 904 659 nihilo
928 619 1075 659 melior
1097 626 1170 668 est,
1204 633 1331 673 saepe
1352 620 1478 659 etiam
1500 621 1617 672 peior
1638 620 1700 660 his
1733 620 1903 668 delictis,

273 691 419 744 quibus
452 692 647 731 irascitur.
709 691 894 742 gaudere
927 690 1154 743 laetarique
1186 691 1401 744 proprium
1435 695 1477 729 et
1519 690 1707 730 naturale
1745 692 1903 731 uirtutis

274 768 361 802 est:
397 763 514 801 irasci
547 776 634 802 non
667 767 729 801 est
762 775 817 800 ex
850 762 1054 814 dignitate
1096 762 1204 809 eius,
1246 775 1331 800 non
1375 761 1509 813 magis
1548 775 1674 813 quam
1706 774 1903 801 maerere.

273 834 385 886 atqui
416 832 651 872 iracundiae
682 833 845 872 tristitia
877 845 1021 872 comes
1063 838 1127 871 est
1160 838 1201 871 et
1233 832 1273 871 in
1315 831 1422 871 hanc
1454 833 1590 871 omnis
1621 833 1680 871 ira
1711 831 1777 871 uel
1808 837 1905 884 post

273 905 569 957 paenitentiam
612 903 678 942 uel
725 908 824 956 post
865 902 1074 956 repulsam
1117 902 1353 942 reuoluitur.
1426 908 1468 942 et
1510 903 1542 942 si
1593 903 1791 955 sapientis
1843 907 1906 942 est

273 975 454 1027 peccatis
486 975 626 1022 irasci,
669 975 804 1025 magis
841 974 1039 1013 irascetur
1078 973 1306 1013 maioribus
1339 979 1382 1013 et
1423 987 1551 1026 saepe
1581 974 1805 1013 irascetur:
1842 986 1904 1012 se-

274 1046 419 1098 quitur,
461 1051 505 1084 ut
546 1058 631 1084 non
673 1051 836 1084 tantum
879 1045 1005 1084 iratus
1037 1045 1089 1083 sit
1121 1045 1297 1097 sapiens,
1329 1045 1406 1084 sed
1437 1043 1667 1084 iracundus.
1730 1044 1843 1097 atqui
1875 1044 1908 1083 si

274 1129 351 1155 nec
383 1129 582 1168 magnam
615 1116 717 1155 iram
752 1129 829 1155 nec
851 1114 1112 1168 frequentem
1145 1115 1185 1154 in
1209 1115 1348 1154 animo
1370 1116 1567 1168 sapientis
1589 1114 1727 1154 locum
1750 1114 1908 1155 habere

275 1187 495 1234 credimus,
527 1187 625 1239 quid
649 1193 722 1235 est,
755 1200 883 1239 quare
914 1199 1000 1225 non
1032 1199 1088 1225 ex
1110 1191 1203 1224 toto
1225 1185 1338 1225 illum
1361 1186 1443 1225 hoc
1465 1186 1631 1225 adfectu
1655 1185 1907 1225 liberemus?

275 1258 426 1296 modus
470 1258 579 1296 enim
623 1271 713 1297 esse
752 1271 837 1296 non
878 1263 1041 1310 potest,
1084 1257 1117 1296 si
1155 1269 1233 1308 pro
1276 1256 1386 1296 facto
1418 1258 1614 1309 cuiusque
1645 1257 1908 1296 irascendum

276 1333 351 1367 est.
412 1341 509 1367 nam
543 1334 613 1367 aut
645 1329 804 1380 iniquus
838 1328 924 1376 erit,
967 1328 1000 1367 si
1032 1326 1260 1379 aequaliter
1291 1327 1490 1366 irascetur
1523 1328 1682 1367 delictis
1714 1328 1906 1380 inaequa-

276 1398 401 1446 libus,
448 1404 518 1438 aut
560 1399 916 1446 iracundissimus,
969 1399 1002 1437 si
1043 1398 1198 1437 totiens
1242 1398 1512 1437 excanduerit
1565 1399 1754 1450 quotiens
1806 1399 1910 1437 iram

276 1468 433 1508 scelera
466 1470 701 1509 meruerint.

397 1540 487 1579 VII.
550 1540 606 1579 Et
647 1540 745 1591 quid
788 1540 994 1591 indignius
1037 1553 1163 1592 quam
1207 1540 1403 1591 sapientis
1445 1538 1658 1579 adfectum
1691 1553 1747 1578 ex
1779 1539 1911 1579 aliena

277 1611 461 1663 pendere
512 1611 720 1663 nequitia?
774 1610 936 1650 desinet
978 1610 1043 1650 ille
1087 1609 1284 1651 Socrates
1336 1623 1463 1663 posse
1515 1611 1697 1650 eundem
1750 1609 1910 1650 uoltum

277 1683 453 1721 domum
497 1680 669 1729 referre,
713 1694 839 1733 quem
883 1682 1015 1720 domo
1058 1680 1278 1720 extulerat.
1350 1687 1475 1733 atque
1514 1681 1547 1720 si
1588 1682 1706 1720 irasci
1747 1682 1911 1734 sapiens

277 1753 451 1805 turpiter
492 1751 609 1791 factis
653 1752 781 1791 debet
825 1757 866 1790 et
911 1752 1110 1790 concitari
1143 1752 1461 1804 contristarique
1502 1751 1560 1790 ob
1592 1751 1771 1799 scelera,
1814 1751 1913 1791 nihil

279 1829 342 1863 est
373 1823 657 1862 aerumnosius
691 1823 903 1874 sapiente:
949 1823 1085 1861 omnis
1117 1822 1170 1861 illi
1202 1836 1277 1874 per
1308 1823 1560 1862 iracundiam
1593 1835 1912 1875 maeroremque

225 1911 240 1932 ⁴..
279 1894 363 1933 uita
394 1894 596 1932 transibit.
659 1894 774 1945 quod
818 1893 927 1932 enim
971 1899 1235 1932 momentum
1279 1893 1371 1941 erit,
1410 1907 1493 1944 quo
1535 1906 1620 1931 non
1651 1892 1914 1945 inprobanda

280 1965 446 2003 uideat?
489 1964 682 2016 quotiens
724 1964 974 2016 processerit
1018 1964 1168 2011 domo,
1211 1977 1287 2015 per
1329 1963 1555 2002 sceleratos
1597 1963 1650 2002 illi
1682 1977 1915 2016 auarosque

280 2041 322 2074 et
341 2021 555 2087 'prodigos
588 2040 629 2073 et
662 2035 897 2087 inpudentis
931 2039 972 2073 et
1005 2034 1062 2073 ob
1095 2035 1175 2073 ista
1207 2033 1345 2074 felices
1368 2034 1646 2073 incedendum
1680 2035 1766 2074 erit.
1819 2049 1912 2075 nus-

281 2119 406 2158 quam
450 2105 556 2144 oculi
599 2106 684 2144 eius
727 2104 967 2153 flectentur,
1014 2110 1057 2144 ut
1099 2118 1184 2143 non
1228 2106 1344 2157 quod
1386 2105 1653 2157 indignentur
1693 2106 1914 2146 inueniant.

283 2176 468 2223 deficiet,
520 2176 552 2214 si
597 2176 751 2215 totiens
794 2189 817 2214 a
864 2189 909 2215 se
961 2176 1064 2215 iram
1109 2176 1302 2227 quotiens
1351 2189 1475 2215 causa
1515 2182 1662 2228 poscet
1714 2177 1914 2229 exegerit.

283 2246 386 2286 haec
428 2252 493 2285 tot
532 2246 643 2285 milia
686 2247 739 2285 ad
782 2245 918 2285 forum
958 2247 1093 2298 prima
1134 2244 1225 2285 luce
1277 2247 1544 2299 properantia
1595 2261 1721 2299 quam
1773 2253 1914 2300 turpes
1941 2258 1959 2287 ε’

283 2317 386 2365 lites,
439 2323 598 2369 quanto
651 2317 856 2374 turpiores
908 2317 1138 2356 aduocatos
1191 2317 1375 2356 habent?
1438 2317 1537 2357 alius
1589 2318 1736 2357 iudicia
1787 2318 1914 2371 patris

286 2529 305 2562 2
334 2529 421 2560 dicat
449 2527 619 2572 llladm'ss:
650 2529 775 2559 dicatur
877 2528 897 2561 sl
911 2526 1137 2570 'magnificam
1169 2528 1199 2571 (ς
1229 2528 1263 2561 in
1292 2530 1381 2571 ras.)
1492 2531 1512 2560 (ἱ
1540 2530 1587 2560 itii
1616 2529 1688 2569 ipsa—t
1713 2538 1782 2561 non
1811 2529 1914 2570 ipsam

288 2590 367 2618 iram
397 2587 474 2621 cod.
604 2588 612 2620 ι’
645 2589 735 2629 peior
760 2588 811 2619 his
838 2587 885 2630 (l'n
912 2588 1000 2630 ras‚)
1122 2590 1142 2616 b*
1170 2588 1299 2629 lelariq;
1330 2588 1362 2628 (ς
1392 2587 1426 2620 [ἠ
1454 2587 1542 2630 ras.)
1673 2590 1692 2621 ¹3
1719 2598 1842 2628 merere
1869 2588 1914 2629 (m

287 2647 397 2688 corr.)
547 2647 589 2680 ’10
617 2648 702 2688 atqui
731 2647 781 2685 (at
808 2646 919 2689 corr.)
1068 2647 1256 2678 iracundiae
1286 2645 1357 2679 E2:
1388 2648 1555 2678 iracundia
1582 2651 1611 2678 et
1759 2647 1800 2679 1135
1829 2648 1915 2688 atqui

287 2710 311 2748 (t
338 2715 387 2740 ex
414 2706 433 2736 d
461 2707 570 2747 corr.)
691 2705 729 2738 12⁷»
757 2707 873 2737 affectu
901 2705 1024 2750 (prior
1051 2706 1065 2736 s
1087 2716 1106 2739 e
1133 2704 1243 2748 corr.)
1366 2705 1402 2739 Ιῖ
1430 2717 1504 2736 nam
1533 2710 1587 2737 aut
1609 2704 1793 2750 plerique:
1823 2707 1865 2737 na
1884 2710 1915 2736 ut

407 2768 451 2797 2⁴»
478 2766 597 2797 affeetu
626 2764 749 2808 (prior
774 2765 789 2795 s
811 2775 830 2798 e
856 2764 966 2805 corr.)
1107 2765 1151 2797 :32
1178 2769 1272 2805 atque
1301 2762 1428 2797 Gertz:
1461 2765 1547 2806 atqui
1677 2763 1721 2797 24.
1749 2761 1912 2805 erflpnosi'

290 2825 385 2866 (aule
411 2836 427 2855 e
454 2834 539 2862 rus„
566 2823 645 2856 ilem
674 2821 752 2854 nosi'
783 2823 892 2863 corr.)
1015 2824 1180 2864 mei-mrsu„

1929 480 1949 514 10

1939 1898 1959 1932 2
