2008 3221
231 111 310 151 186
631 105 732 132 DIAL.
747 105 826 133 VIII.
864 105 919 130 Al)
941 102 1128 129 SERENVM
1150 103 1202 130 DE
1223 104 1332 132 OTIO.
1372 105 1398 132 3.
1418 105 1445 131 «1.

225 205 389 244 diuersa
431 204 495 242 uia
538 202 674 242 mittit.
748 201 950 254 Epicurus
993 201 1070 240 ait:
1117 215 1201 241 non
1244 202 1417 242 accedet
1454 203 1507 242 ad
1551 201 1851 255 rempublicam

223 276 408 328 sapiens,
451 273 523 312 nisi
565 272 597 312 si
640 273 741 325 quid
783 272 1057 312 interuenerit.
1121 272 1265 312 Zenon
1309 274 1388 313 ait:
1436 274 1610 313 accedet
1651 274 1705 313 ad
1745 287 1850 313 rem-

224 345 450 398 publicam,
483 344 557 383 nisi
589 343 621 383 si
654 343 752 396 quid
795 343 1025 397 inpedierit.
1100 342 1203 383 alter
1235 344 1366 383 otium
1400 358 1454 384 ex
1487 345 1704 397 proposito
1737 344 1852 396 petit,
1880 356 1898 387 Ρ

225 416 328 456 alter
371 429 425 454 ex
469 429 603 454 causa.
666 428 790 454 causa
832 420 972 454 autem
1015 413 1083 454 illa
1124 413 1206 454 late
1244 420 1372 467 patet.
1434 415 1466 454 si
1499 414 1732 468 respublica
1762 428 1851 454 cor-

190 500 203 523 t,
224 488 383 539 ruptior
416 492 478 525 est
510 499 635 538 quam
669 491 713 525 ut
744 485 927 525 adiuuari
959 486 1102 538 possit,
1134 485 1166 524 si
1198 491 1403 538 occupata
1435 491 1497 525 est
1530 499 1556 524 a
1589 484 1727 533 malis,
1770 498 1854 525 non

174 853 204 878 10

175 1208 204 1233 15

152 1579 156 1582 .
174 1563 208 1587 20

224 559 376 598 nitetur
417 558 580 610 sapiens
622 558 661 597 in
704 570 1008 609 superuacuum
1048 569 1126 596 nec
1157 570 1201 596 se
1233 555 1330 596 nihil
1362 555 1598 608 profuturus
1630 557 1851 609 inpendet:

224 630 255 668 si
298 642 444 682 parum
484 628 658 668 habebit
684 628 948 668 >auctoritatis
981 634 1051 668 aut
1084 627 1229 667 uirium
1262 641 1339 667 nec
1369 626 1483 667 illurn
1516 627 1591 667 erit
1624 626 1856 668 admissura

224 698 477 753 respublica,
519 699 552 739 si
596 698 794 739 ualetudo
835 698 947 738 illum
979 699 1184 751 inpediet,
1225 699 1444 751 quomodo
1476 711 1627 738 nauem
1660 711 1885 749 quassam.

224 784 308 810 non
351 771 578 810 deduceret
620 771 661 810 in
703 783 838 817 mare,
884 769 1101 822 quomodo
1144 783 1300 809 nomen
1331 771 1371 809 in
1404 768 1590 809 militiam
1623 782 1706 808 non
1738 768 1857 808 daret

225 840 394 890 debilis,
437 842 494 883 sic
526 841 581 880 ad
612 841 708 890 iter,
741 842 840 893 quoi
872 840 1096 881 inhabilem
1129 854 1173 880 se
1206 840 1316 889 sciet,
1350 854 1434 880 non
1467 840 1650 880 accedet.
1714 846 1857 892 potest

224 925 326 964 ergo
369 918 411 952 et
452 911 539 960 ille,
583 913 646 952 cui
688 911 831 952 omnia
873 911 1009 951 adhuc
1051 911 1090 949 in
1133 911 1298 962 integro
1339 916 1454 958 sunt,
1497 916 1722 962 antequam
1756 909 1856 950 ullas

224 985 462 1037 experiatur
494 989 780 1036 tempestates,
814 984 854 1022 in
888 988 980 1022 tuto
1012 981 1238 1021 subsistere
1271 988 1312 1022 et
1345 981 1533 1035 protinus
1556 981 1856 1022 commendare

223 1069 267 1094 se
300 1054 422 1095 bonis
456 1054 613 1094 artibus
647 1060 688 1094 et
720 1053 937 1094 inlibatum
963 1055 1095 1093 otium
1120 1054 1301 1105 exigere,
1337 1054 1550 1093 uirtutium
1575 1051 1720 1100 cultor,
1752 1066 1857 1104 quae

225 1127 410 1166 exerceri
443 1128 570 1166 etiam
603 1125 867 1178 quietissimis
900 1130 1084 1179 possunt.
1138 1123 1220 1164 hoc
1252 1137 1406 1177 nempe
1437 1123 1491 1163 ab
1523 1122 1694 1163 homine
1727 1124 1855 1174 exigi-

225 1204 312 1245 tur,
355 1203 400 1238 ut
431 1198 564 1249 prosit
596 1196 857 1244 hominibus,
900 1196 932 1235 si
965 1195 1050 1235 fieri
1082 1201 1245 1248 potest,
1279 1194 1429 1243 multis,
1462 1195 1494 1234 si
1527 1196 1672 1242 minus,
1705 1195 1859 1247 paucis,

225 1269 257 1307 si
300 1269 454 1316 minus,
498 1269 723 1320 proximis,
766 1268 798 1307 si
841 1269 996 1315 minus,
1039 1267 1126 1307 sibi.
1188 1280 1285 1306 nam
1329 1280 1424 1306 cum
1458 1279 1502 1305 se
1535 1264 1678 1306 utilem
1712 1267 1859 1306 ceteris

226 1339 358 1388 efficit,
392 1352 614 1379 commune
647 1339 733 1391 agit
765 1339 994 1391 negotium.
1037 1338 1256 1390 quomodo
1288 1339 1357 1389 qui
1389 1350 1434 1376 se
1468 1338 1718 1376 deteriorem
1752 1336 1860 1384 facit,

226 1425 310 1450 non
342 1411 418 1451 sibi
451 1411 750 1451 tantummodo
783 1416 920 1458 nocet,
953 1410 1027 1449 sed
1061 1410 1188 1449 etiam
1221 1408 1416 1448 omnibus
1439 1409 1508 1456 eis,
1541 1407 1691 1460 quibus
1715 1406 1872 1447 melior

227 1482 358 1523 factus
401 1483 602 1534 prodesse
645 1483 871 1535 potuisset,
915 1482 973 1520 sic
1015 1481 1199 1533 quisquis
1231 1480 1339 1519 bene
1373 1480 1426 1519 de
1458 1492 1503 1518 se
1536 1484 1738 1526 meretur,
1780 1478 1862 1518 hoc

228 1554 318 1608 ipso
352 1553 438 1594 aliis
469 1553 657 1606 prodest,
690 1552 805 1605 quod
838 1551 915 1592 illis
948 1550 1211 1605 profuturum
1245 1557 1376 1604 parat.

345 1625 416 1664 IV.
484 1625 578 1677 [3L]
643 1624 761 1664 Duas
810 1622 1062 1677 respublicas
1110 1624 1250 1663 animo
1299 1621 1634 1674 complectamur,
1673 1619 1862 1660 ·alteram

229 1710 427 1750 magnam
461 1702 502 1736 et
535 1710 632 1736 uere
664 1695 896 1749 publicam,
929 1709 1012 1747 qua
1042 1693 1083 1734 di
1115 1701 1241 1746 atque
1272 1693 1466 1733 homines
1498 1694 1782 1739 continentur,
1823 1691 1863 1730 in

227 1783 310 1822 qua
341 1782 425 1807 non
457 1767 509 1807 ad
542 1767 651 1807 hunc
683 1765 880 1819 angulum
914 1760 1259 1819 respicimusaut
1292 1765 1346 1804 ad
1378 1763 1512 1812 illum,
1551 1764 1627 1803 sed
1660 1764 1862 1803 terminos

229 1841 407 1880 ciuitatis
452 1846 622 1879 nostrae
665 1852 759 1878 cum
802 1837 890 1878 sole
933 1839 1146 1877 metimur:
1195 1835 1390 1884 alteram,
1434 1836 1496 1875 cui
1534 1848 1612 1874 nos
1644 1835 1864 1886 adscripsit

175 1921 190 1943 ’-
229 1911 419 1951 condicio
463 1910 670 1950 nascendi.
733 1909 838 1949 haec
878 1915 948 1948 aut
981 1908 1304 1948 Atheniensium
1339 1907 1413 1946 erit
1446 1911 1516 1946 aut
1549 1904 1862 1957 Carthaginien-

227 1984 354 2030 sium,
398 1987 469 2021 aut
511 1981 676 2021 alterius
720 1980 889 2020 alicuius
934 1980 1066 2028 urbiS,
1110 1992 1217 2031 quae
1259 1991 1343 2017 non
1386 1977 1438 2017 ad
1481 1978 1617 2017 omnis
1659 1976 1864 2028 pertineat

228 2053 432 2101 homines,
466 2053 541 2092 sed
574 2053 628 2092 ad
662 2058 812 2092 certos.
855 2052 1027 2103 quidam
1062 2051 1215 2090 eodem
1248 2056 1441 2102 tempore
1475 2049 1639 2100 utrique
1671 2046 1863 2100 reipubli-

229 2138 302 2164 cae
335 2125 436 2164 dant
469 2137 663 2176 operam,
697 2125 842 2163 maiori
878 2124 1130 2175 minorique,
1164 2121 1333 2174 quidam
1367 2126 1531 2160 tantum
1566 2120 1734 2167 minori,
1777 2119 1863 2170 qui-

230 2197 327 2236 dam
372 2201 533 2235 tantum
576 2197 733 2235 maiori.
795 2194 890 2234 huic
923 2195 1067 2234 maiori
1100 2192 1351 2246 reipublicae
1384 2198 1425 2231 et
1458 2193 1498 2231 in
1532 2192 1621 2230 otio
1655 2190 1865 2229 deseruire

230 2339 249 2369 ζ’»
278 2337 461 2378 impedierit
589 2336 605 2369 -i
636 2337 751 2379 lesus).
876 2335 894 2367 ἴ)
930 2346 1026 2376 quain
1054 2338 1085 2366 ut
1112 2332 1241 2378 uulqo:
1270 2335 1336 2375 qua
1457 2335 1616 2373 occupata
1643 2321 1860 2365 deteriores:

232 2396 378 2427 osculata
500 2407 517 2426 a
543 2396 637 2426 malis
655 2381 827 2439 Miidmy:
858 2395 951 2425 malis
970 2391 1047 2427 cod.
1067 2390 1166 2438 qnod
1181 2392 1216 2426 si
1231 2391 1393 2428 datiuum
1411 2400 1489 2424 esse
1509 2389 1679 2423 uoluisset
1696 2388 1864 2433 scriptor,

231 2465 473 2511 a712b2]quz'lal2‘.‹›·
491 2466 622 2500 crimen
640 2476 711 2498 mm
730 2464 907 2510 effuqerel
961 2480 966 2485 ·
1005 2468 1024 2491 Η
1051 2474 1117 2496 res.
1129 2453 1162 2496 ἶ).
1261 2462 1405 2493 ualitudo
1504 2461 1658 2502 impediet
1756 2458 1863 2492 inler-

229 2537 455 2582 Jmnctionem
483 2536 686 2570 emendam}
716 2535 834 2575 Gertz,
868 2533 1090 2580 vculqabalm·
1116 2533 1207 2567 em'm
1234 2533 1399 2574 impediet.
1422 2531 1595 2573 ‘quomodo
1726 2530 1762 2561 10
1797 2518 1867 2560 adii

349 2597 423 2638 quo-i
453 2597 630 2627 inhabilem
657 2607 690 2627 se
716 2597 794 2627 sciet
814 2592 966 2639 Maduz'q
994 2593 1172 2638 (quamuis
1199 2602 1269 2625 non
1295 2591 1411 2625 mium·
1437 2595 1571 2624 rectum
1598 2588 1643 2622 Sic
1663 2589 1703 2619 ad
1722 2589 1808 2630 quod
1828 2592 1865 2621 nl

233 2659 264 2695 5,
291 2656 343 2699 4):
373 2656 461 2696 quod
489 2655 633 2686 inhabile
659 2655 737 2686 sciet
902 2652 941 2686 13
977 2653 1072 2683 bonis
1101 2650 1178 2685 E'2:
1208 2651 1302 2682 nobis
1440 2654 1468 2680 et
1505 2649 1664 2679 illibatum
1692 2645 1861 2690 Madm'q:

232 2720 261 2747 et
288 2716 318 2746 in
346 2715 434 2745 illum
462 2715 561 2746 beati]
684 2714 815 2746 uirtutisi
845 2713 893 2755 (in
921 2711 1051 2746 litteris
1076 2713 1097 2742 ti
1124 2708 1266 2755 aliquid
1290 2709 1401 2750 corr.)
1525 2707 1567 2740 15
1594 2710 1729 2749 potest*
1765 2705 1863 2749 (ram,

229 2773 392 2818 fortasse
414 2773 554 2818 puncti)
678 2774 714 2805 21
747 2773 1004 2814 complectamur
1125 2770 1168 2803 ‘2¹2
1196 2770 1241 2800 dii
1361 2768 1405 2802 23
1438 2768 1523 2799 hunc
1551 2766 1587 2809 (h
1614 2776 1722 2806 corr„
1744 2763 1818 2808 fuit
1843 2762 1866 2807 i)

1170 2830 1186 2837 ..ι

350 2843 394 2877 2¹?
422 2834 533 2879 reis,
654 2846 698 2877 ‘38
725 2844 875 2874 minori*
1019 2840 1064 2875 ⁴29
1092 2841 1199 2874 rei.l’.

1890 2202 1910 2234 {C
