1977 3231
65 2098 85 2131 QJ!

601 156 706 182 DlAL.
730 157 780 181 111.
823 156 872 183 DE
894 157 961 182 IRA
983 156 1053 183 Lm.
1077 156 1099 182 Ι.
1130 157 1171 183 12.
1197 159 1236 183 13.
1682 164 1733 201 47

107 261 152 293 ut
185 256 319 294 omnis
342 253 426 294 fere
449 255 663 308 cupiditas,
696 256 785 308 ipsa
813 254 890 294 sibi
922 256 960 294 in
993 255 1033 294 id
1065 255 1105 294 in
1127 255 1244 307 quod
1265 261 1464 307 properat
1486 257 1732 309 opponitur:

107 327 246 379 itaque
279 339 355 365 nec
386 327 426 365 in
458 339 562 378 pace
594 339 671 364 nec
702 326 742 364 in
775 325 886 365 bello
920 339 1118 379 umquam
1152 327 1266 366 bono
1299 327 1382 366 fuit.
1445 341 1593 379 pacem
1626 327 1735 365 enim

109 397 284 437 similem
335 396 433 436 belli
485 395 630 444 efficit,
683 397 723 436 in
775 398 898 436 armis
950 411 1051 436 uero
1105 398 1358 438 obliuiscitur
1411 398 1592 437 Martem
1645 410 1736 437 esse

109 481 377 508 communem
411 468 605 519 uenitque
646 469 685 506 in
718 467 893 507 alienam
926 474 1192 521 potestatem,
1237 470 1337 508 dum
1369 470 1408 508 in
1440 483 1514 508 sua
1545 483 1629 508 non
1661 474 1736 508 est.

110 539 261 578 deinde
299 552 384 577 non
428 537 522 577 ideo
565 539 662 577 uitia
703 539 743 577 in
785 551 905 577 usum
947 539 1185 591 recipienda
1226 545 1338 587 sunt,
1381 540 1476 591 quia
1514 539 1736 592 aliquando

109 609 262 685 aliffld
305 608 540 649 effecerunt.
603 623 700 648 nam
743 615 785 648 et
836 608 972 648 febres
1024 610 1234 661 quaedam
1287 623 1443 661 genera
1490 610 1736 649 ualetudinis

109 672 259 727 leuant,
292 676 369 719 nec
373 651 509 719 ideo
519 679 610 728 noni
626 693 680 718 ex
702 685 795 718 toto
817 679 893 718 illis
915 680 1093 718 caruisse
1116 680 1261 719 melius
1284 686 1356 718 est.
1407 680 1737 719 abominandum

109 748 280 790 remedii
323 764 454 802 genus
497 756 559 789 est
613 751 835 789 sanitatem
889 749 1046 789 debere
1099 750 1263 790 morbo.
1326 751 1445 789 simili
1497 750 1627 789 modo
1679 750 1738 788 ira

112 821 237 860 etiam
269 821 302 860 si
334 820 565 908 aliquando¹
591 826 634 859 ut
666 834 873 859 uenenum
913 826 953 859 et
985 822 1272 873 praecipitatio
1315 828 1357 860 et
1389 820 1649 872 naufragium
1683 833 1737 859 ex

111 892 326 944 inopinato
370 867 557 944 profuit,
588 905 673 930 non
714 892 810 930 ideo
853 890 1040 945 salutaris
1082 892 1303 931 iudicanda
1335 898 1409 933 est.
1471 904 1597 943 saepe
1629 891 1737 929 enim

111 960 232 1000 saluti
264 961 378 1000 fuere
410 961 616 1014 pestifera.

229 1031 338 1072 XIII.
391 1032 556 1071 Deinde
587 1046 694 1084 quae
727 1031 920 1072 habenda
952 1038 1057 1080 sunt,
1101 1047 1185 1085 quo
1219 1014 1460 1083 maiorafeo
1492 1032 1665 1071 meliora
1697 1038 1738 1070 et

113 1102 363 1155 optabiliora
407 1108 513 1142 sunt.
575 1103 608 1142 si
655 1103 806 1142 iustitia
853 1103 1013 1142 bonum
1065 1110 1148 1151 est,
1202 1117 1327 1143 nemo
1370 1104 1480 1143 dicet
1522 1102 1737 1142 meliorem

112 1171 304 1220 futuram,
335 1174 368 1213 si
399 1174 499 1225 quid
531 1174 766 1212 detractum
805 1187 860 1212 ex
892 1187 941 1212 ea
972 1173 1100 1213 fuerit.
1163 1175 1196 1213 si
1237 1173 1438 1213 fortitudo
1471 1174 1630 1213 bonum
1664 1179 1737 1220 est,

113 1257 238 1284 nemo
270 1244 381 1284 illam
415 1244 668 1283 desiderabit
700 1258 754 1283 ex
786 1244 922 1296 aliqua
952 1251 1072 1297 parte
1105 1245 1323 1284 deminui:-
1355 1257 1457 1296 ergo
1490 1251 1532 1283 et
1563 1245 1622 1283 ira
1652 1257 1737 1296 quo

114 1315 246 1354 maior
277 1314 359 1354 hoc
391 1314 546 1355 melior.
600 1315 690 1366 quis
723 1315 832 1353 enim
866 1315 983 1354 ullius
1015 1315 1115 1354 boni
1147 1305 1428 1354 accessionem
1461 1315 1737 1367 ressusauerit?

114 1386 227 1437 atqui
259 1386 400 1437 augeri
431 1385 543 1424 illam
565 1385 706 1424 inutile
738 1391 826 1425 est:
864 1399 966 1437 ergo
1000 1392 1041 1424 et
1074 1398 1176 1425 esse.
1219 1399 1303 1424 non
1336 1392 1399 1424 est
1431 1386 1592 1424 bonum
1624 1386 1738 1437 quod

67 1488 72 1495 .
113 1456 370 1495 incremento
413 1456 569 1495 malum
612 1456 668 1497 fit.
742 1456 869 1504 utilis,
910 1457 1060 1508 inquit,
1102 1457 1161 1495 ira
1203 1462 1286 1504 est,
1329 1457 1423 1508 quia
1463 1458 1738 1509 pugnaciores

114 1525 220 1566 facit.
291 1527 371 1565 isto
415 1528 546 1566 modo
590 1534 631 1566 et
669 1527 869 1566 ebrietas:
916 1526 1011 1566 facit
1050 1528 1158 1566 enirn
1202 1532 1453 1580 propteruos
1486 1533 1527 1566 et
1559 1528 1738 1566 audaces

114 1596 315 1650 multique
359 1597 551 1637 meliores
593 1598 647 1637 ad
688 1597 841 1637 ferrum
885 1596 998 1636 fuere
1041 1597 1149 1637 male
1190 1598 1328 1637 sobrii
1390 1599 1470 1637 isto
1509 1599 1639 1637 modo
1673 1598 1764 1650 dic·

296 1648 328 1672 μ
330 1651 415 1676 ιφ.)Μ

113 1672 153 1705 et
195 1660 415 1720 phrenesm
448 1674 572 1720 atque
604 1669 804 1707 insaniam
838 1668 990 1707 uiribus
1028 1669 1324 1716 necessariam,
1357 1669 1452 1720 quia
1483 1682 1608 1721 saepe
1640 1660 1737 1708 uali'l
1817 1675 1824 1682 ’

113 1737 250 1777 diores
292 1738 404 1777 furor
447 1739 594 1780 reddit.
656 1740 782 1790 quid?
835 1753 920 1778 non
968 1738 1214 1791 aliquotiens
1256 1745 1391 1778 metus
1434 1753 1489 1778 ex
1531 1739 1738 1778 contrario

112 1807 207 1848 fecit
250 1809 475 1857 audacem,
529 1815 570 1848 et
620 1810 765 1848 mortis
807 1810 934 1848 timor
979 1810 1105 1848 etiam
1148 1810 1418 1849 inertissimos
1461 1810 1659 1848 excitauit
1699 1811 1739 1849 in

111 1879 345 1931 proelium?
398 1881 474 1928 sed
506 1881 574 1928 ira,
615 1880 804 1927 ebrietas,
845 1885 980 1918 metus
1012 1879 1173 1931 aliaque
1206 1879 1409 1919 eiusmodi
1440 1879 1567 1919 foeda
1599 1886 1640 1919 et
1672 1893 1737 1919 ca-

111 1949 219 1989 duca
258 1951 522 1991 inritamenta
563 1956 658 1990 sunt
700 1964 777 1989 nec
818 1951 1014 1990 uirtutem
1058 1951 1283 1998 instruunt,
1314 1945 1444 2003 scluae
1496 1950 1592 1990 nihil
1635 1951 1739 1989 uitiis
1760 1967 1773 1986 ·.

113 2007 345 2073 eget‚7sed
387 2035 561 2074 segnem
594 2021 746 2073 alioqui
789 2022 973 2060 animum
1005 2027 1047 2060 et
1081 2021 1277 2072 ignauum
1315 2021 1499 2073 paullum
1532 2021 1739 2060 adleuant.

113 2105 238 2132 nemo
280 2093 498 2132 irascendo
537 2092 583 2131 fit
624 2091 790 2139 fortior,
844 2092 920 2132 nisi
965 2093 1033 2144 qui
1076 2091 1192 2131 fortis
1236 2093 1321 2131 sine
1362 2093 1421 2131 ira
1463 2105 1547 2131 non
1588 2092 1740 2131 fuisset.

113 2164 169 2202 ita
210 2176 294 2203 non
336 2164 376 2202 in
418 2163 667 2202 adiutorium
706 2163 922 2235 uirtutis
898 2163 1030 2229 uenit,
1072 2163 1147 2202 sed
1190 2163 1229 2201 in
1271 2163 1415 2203 uicem.
1478 2163 1576 2215 quid
1613 2163 1740 2215 quod,

113 2235 146 2273 si
187 2234 345 2274 bonum
389 2240 499 2273 esset
541 2235 619 2281 ira,
661 2208 1043 2285 perfectissimum
1052 2246 1260 2285 quemque
1309 2235 1576 2285 sequeretur?
1629 2233 1740 2285 atqui

112 2305 411 2345 iracundissimi
453 2303 629 2344 infantes
671 2317 875 2356 senesque
907 2309 949 2342 et
981 2303 1095 2355 aegri
1127 2309 1232 2342 sunt.
1286 2308 1328 2342 et
1358 2302 1583 2342 inualidum
1617 2316 1741 2342 omne

114 2376 262 2415 natura
293 2375 509 2428 querulum
542 2381 618 2416 est.
1480 2399 1483 2402 -
1545 2387 1581 2403 “³-

1667 2404 1703 2419 ‹5.
1719 2410 1721 2413 ,

116 2481 132 2514 'l
162 2482 192 2512 in
219 2492 282 2522 quo
419 2480 438 2513 3
466 2480 565 2511 efficit
592 2478 724 2524 Neap.:
754 2480 858 2510 effecit
995 2479 1014 2508 ἴ»
1041 2486 1082 2520 qa
1237 2477 1257 2509 9
1285 2490 1322 2509 ex
1348 2479 1518 2519 inopinato
1546 2476 1743 2512 deler2'07'es

113 2538 291 2573 nonnulli:
322 2550 359 2570 ex
386 2540 520 2580 opinato
670 2538 709 2571 12
738 2538 863 2569 auenda
886 2535 1047 2581 Elladm'q,
1075 2535 1141 2570 sed
1164 2537 1318 2568 habenda
1345 2540 1464 2570 tuetur
1494 2534 1601 2570 Gertz

119 2597 159 2631 li
185 2599 258 2640 siqd
293 2599 327 2637 (d
361 2598 471 2638 corr.)
620 2598 662 2630 113
688 2597 781 2628 ullius
808 2595 912 2630 deth:
941 2597 1025 2627 illius
1172 2595 1212 2629 17
1242 2596 1308 2637 adq
1335 2595 1372 2638 (d
1398 2606 1493 2631 corr.
1520 2595 1554 2628 in
1582 2596 1606 2638 t)

121 2668 158 2701 19
186 2658 318 2710 ,15thqu
346 2666 390 2701 cle
415 2678 488 2712 qua
510 2666 635 2711 forma
663 2665 710 2710 cf.
731 2665 922 2702 Bitscleeliz'
962 2665 1054 2699 Acta
1071 2676 1142 2701 sec.
1163 2665 1260 2710 Le'ps.
1281 2664 1327 2700 II
1341 2675 1379 2710 p.
1401 2667 1467 2699 468
1487 2676 1516 2699 s.
1615 2664 1659 2698 20
1686 2666 1743 2696 ad-

115 2715 233 2758 serrum
310 2724 410 2770 Cous.
441 2724 507 2760 Cic.
535 2736 615 2770 epp.
641 2725 692 2758 (cd
708 2727 777 2759 All.
807 2728 838 2765 2,
859 2726 913 2768 21,
942 2728 960 2758 4
988 2730 1053 2756 tam
1081 2725 1254 2756 uehemens
1279 2726 1326 2755 uir
1352 2729 1482 2765 tamque
1509 2735 1583 2755 acer
1609 2725 1639 2755 in
1659 2725 1742 2755 ferro

210 2797 252 2830 21
281 2787 346 2850 ³{lq
372 2798 566 2841 (superscr.
592 2798 617 2838 t)
723 2796 765 2829 253
792 2796 898 2835 inplii‘i
1004 2794 1044 2827 23
1075 2795 1149 2835 seda
1246 2795 1290 2827 2⁴}
1317 2784 1468 2847 adleuant
1496 2796 1519 2836 (1
1545 2794 1742 2839 superscr.)

258 2866 301 2900 ‘29
328 2868 395 2908 adq
538 2867 583 2899 30
609 2867 677 2908 egri

1763 906 1790 930 10

1761 1257 1791 1281 ¹5

1761 2313 1794 2339 30

1815 607 1866 631 l>7÷

1814 816 1837 826 1⁴
1851 801 1921 832 Uar„r
