1977 3231
51 237 69 269 4

51 729 69 762 <JV

48 1366 67 1397 lx:

415 128 597 156 DIAL.V11.
634 129 688 154 AD
711 129 945 155 GALLIONEM
966 130 1017 155 DE
1037 130 1127 156 VITA
1152 131 1288 158 ΒΕΑΤΑ.
1327 133 1352 157 ⁴.
1375 134 1400 158 5.
1636 137 1715 175 159

97 226 183 264 sine
224 231 345 264 auctu
379 238 426 264 ac
459 226 710 265 detrimento
742 227 893 265 summi
925 226 1022 265 boni
1058 227 1224 267 ueniens
1257 241 1305 267 ac
1337 229 1544 267 recedens.
1609 228 1717 268 hunc

96 297 150 334 ita
183 296 397 335 fundatum
431 309 599 335 necesse
632 303 706 344 est,
739 297 835 336 uelit
868 297 980 344 nolit,
1012 304 1208 349 sequatur
1239 298 1419 338 hilaritas
1452 299 1645 338 continua
1677 306 1718 338 et

95 366 248 406 laetitia
280 366 362 405 alta
392 373 516 418 atque
549 380 601 405 ex
635 366 720 405 alto
754 368 930 415 ueniens,
966 373 1007 406 ut
1040 369 1107 419 qui
1141 369 1220 407 suis
1253 370 1433 419 gaudeat
1463 382 1538 407 nec
1560 369 1717 408 maiora

97 436 334 476 domesticis
367 437 514 489 cupiat.
567 437 707 488 quidni
739 439 816 476 ista
848 437 954 476 bene
986 444 1132 489 penset
1166 452 1258 477 cum
1293 440 1458 478 minutis
1491 447 1532 478 et
1565 438 1716 478 friuolis

96 512 137 545 et
178 520 261 545 non
303 508 662 559 perseuerantibus
706 506 934 560 corpusculi
967 507 1177 547 motibus?
1220 522 1303 560 quo
1337 510 1402 548 die
1435 509 1536 548 infra
1568 510 1713 562 uolup-

95 582 225 616 tatem
255 577 383 628 fuerit,
417 584 458 617 et
490 577 591 616 infra
624 577 814 617 dolorem
848 578 933 617 erit.
998 579 1111 616 uides
1144 585 1296 626 autem,
1329 592 1455 631 quam
1489 579 1640 619 malam
1675 588 1716 620 et

95 647 315 686 noxiosam
358 649 598 687 seruitutem
642 649 863 687 seruiturus
906 649 974 695 sit,
1016 662 1140 700 quem
1185 648 1421 701 uoluptates
1454 650 1716 702 doloresque,

96 718 364 758 incertissima
396 720 581 758 dominia
612 719 1041 770 inpotentissimaque,
1074 718 1239 757 alternis
1272 720 1567 771 possidebunt:
1615 735 1716 773 ergo

95 789 335 827 exeundum
384 790 437 827 ad
479 788 714 828 libertatem
758 794 831 849 est.
895 788 1000 827 hanc
1044 802 1126 827 non
1169 788 1245 827 alia
1291 803 1355 829 res
1396 790 1549 830 tribuet
1591 805 1714 843 quam

96 858 282 897 fortunae
314 858 597 910 neglegentia:
634 865 722 897 tuin
756 858 853 897 illud
887 859 1041 897 orietur
1072 859 1372 899 inaestimabile
1400 860 1569 909 bonum,
1602 862 1717 912 quies

96 929 245 968 mentis
287 929 324 967 in
367 935 458 968 tuto
501 929 718 968 conlocata
760 935 801 968 et
843 929 1072 968 sublimitas
1115 929 1381 982 expulsisque
1423 931 1629 970 erroribus
1662 945 1717 970 ex

96 999 333 1050 cognitione
365 1000 448 1038 ueri
480 1000 679 1051 gaudium
713 1000 872 1050 grande
905 1005 945 1038 et
978 1000 1182 1039 inmotum
1212 1001 1470 1052 comitasque
1493 1010 1532 1040 et
1555 1002 1717 1041 diffusio

95 1069 408 1122 animi,⁴quibus
441 1069 714 1109 delectabitur
746 1083 830 1109 non
863 1076 905 1108 ut
938 1070 1069 1118 bonis,
1102 1071 1176 1109 sed
1211 1077 1254 1110 ut
1287 1084 1341 1109 ex
1370 1060 1492 1110 bono⁸
1507 1086 1582 1111 suo
1606 1073 1717 1111 ortis.

214 1139 264 1178 V.
320 1139 528 1191 Quoniam
562 1139 782 1179 liberaliter
813 1154 937 1192 agere
969 1141 1109 1193 coepi,
1152 1147 1293 1192 potest
1324 1142 1469 1180 beatus
1509 1143 1606 1189 dici,
1649 1144 1717 1194 qui

95 1222 171 1248 nec
203 1210 313 1262 cupit
344 1224 420 1249 nec
452 1211 571 1250 timet
603 1210 804 1250 beneficio
837 1212 1013 1251 rationis,
1067 1212 1264 1263 quoniam
1298 1218 1338 1251 et
1371 1226 1474 1251 saxa
1505 1213 1654 1252 timore
1677 1219 1718 1252 et

94 1280 254 1319 tristitia
285 1287 427 1320 carent
459 1294 534 1320 nec
567 1282 699 1320 minus
731 1282 925 1333 pecudes,
958 1295 1042 1320 non
1065 1283 1160 1320 ideo
1184 1288 1324 1321 tamen
1347 1283 1564 1334 quisquam
1588 1283 1719 1323 felicia

95 1350 265 1399 dixerit,
307 1351 455 1404 quibus
498 1366 580 1391 non
623 1358 685 1391 est
729 1352 930 1391 felicitatis
971 1352 1212 1392 intellectus.
1276 1355 1427 1393 eodem
1471 1354 1564 1393 loco
1607 1368 1719 1406 pone

95 1420 305 1469 homines,
348 1436 453 1474 quos
490 1423 529 1461 in
568 1436 786 1462 numerum
819 1436 1018 1475 pecorum
1052 1429 1094 1463 et
1126 1423 1361 1463 animalium
1394 1425 1556 1476 redegit
1588 1425 1718 1464 hebes

94 1497 239 1531 natura
281 1498 321 1532 et
363 1494 568 1544 ignoratio
610 1494 681 1534 sui.
743 1493 838 1532 nihil
871 1494 1038 1533 interest
1070 1495 1174 1533 inter
1206 1494 1284 1533 hos
1317 1501 1359 1534 et
1390 1495 1475 1542 illa,
1519 1497 1714 1547 quoniam

93 1561 165 1601 illis
207 1563 316 1602 nulla
359 1566 460 1603 ratio
504 1570 585 1611 est,
629 1564 690 1604 his
731 1578 859 1621 praua
901 1570 941 1603 et
984 1564 1211 1604 malo-suo
1251 1571 1375 1618 atque
1406 1566 1445 1604 in
1477 1579 1717 1618 peruersum

92 1633 248 1673 sollers.
310 1634 458 1674 beatus
501 1636 608 1674 enim
652 1649 778 1674 nemo
817 1635 894 1674 dici
926 1641 1064 1688 potest
1097 1642 1217 1675 extra
1250 1637 1465 1676 ueritatem
1498 1637 1718 1688 proiectus,

92 1704 215 1743 beata
247 1718 348 1756 ergo
381 1706 464 1745 uita
496 1711 557 1745 est
590 1707 627 1744 in
657 1712 772 1745 recto
802 1713 1000 1757 certoque
1023 1707 1170 1745 iudicio
1193 1707 1372 1745 stabilita
1394 1713 1435 1746 et
1456 1706 1718 1745 inmutabilis.

91 1780 189 1814 tunc
221 1776 330 1814 enim
363 1789 464 1828 pura
496 1789 614 1815 mens
646 1782 708 1815 est
731 1782 772 1815 et
794 1776 930 1815 soluta
953 1777 1145 1815 omnibus
1169 1777 1297 1825 malis,
1330 1790 1424 1817 cum
1448 1791 1531 1816 non
1553 1783 1716 1817 tantum

91 1845 362 1886 lacerationes
416 1848 491 1886 sed
533 1848 659 1886 etiam
702 1846 982 1886 uellicationes
1025 1847 1188 1899 effugit,
1242 1853 1400 1887 statura
1440 1861 1607 1899 semper
1649 1847 1718 1886 ubi

43 1933 45 1935 ·
91 1917 274 1956 constitit
317 1930 364 1956 ac
396 1918 541 1956 sedem
573 1931 690 1957 suam
723 1917 846 1957 etiam
881 1918 985 1957 irata
1017 1923 1057 1956 et
1090 1917 1309 1957 infestante
1342 1917 1504 1958 fortuna
1537 1919 1715 1958 uindica-

90 1993 191 2027 tura.
234 2001 330 2026 nam
353 1989 467 2040 quod
491 1990 543 2027 ad
568 1988 824 2040 uoluptatem
849 1988 1037 2040 pertinet,
1057 1988 1149 2028 licet
1169 1988 1519 2045 circumfundatur
1538 1989 1717 2040 undique
1771 2002 1774 2005 ·

91 2064 131 2097 et
163 2071 236 2110 per
265 2059 400 2098 omnis
431 2060 515 2098 uias
538 2058 680 2098 influat
702 2059 969 2111 animumque
990 2059 1284 2099 blandimentis
1308 2060 1388 2099 suis
1411 2056 1534 2098 leniat
1556 2059 1717 2111 aliaque

90 2142 144 2167 ex
177 2129 261 2168 aliis
294 2130 530 2177 admoueat,
563 2129 710 2181 quibus
744 2135 858 2168 totos
887 2143 956 2168 1205
979 2136 1200 2183 partesque
1223 2131 1350 2169 nostri
1374 2130 1589 2170 sollicitet:
1626 2131 1715 2182 quis

92 2352 105 2384 1
145 2353 229 2383 hune
257 2378 263 2385 .
285 2379 291 2385 .
313 2379 319 2385 .
346 2356 378 2382 ut
405 2353 458 2393 qui
488 2350 614 2385 Gertz:
644 2352 714 2383 hoc·
736 2379 743 2385 .
764 2378 771 2385 .
791 2377 798 2384 .
826 2356 899 2393 utqe
1020 2351 1040 2385 7
1073 2353 1264 2394 ‹loloresq3-›÷
1388 2355 1406 2385 s)
1442 2355 1558 2386 tribuet
1586 2353 1711 2388 Gertz:

89 2411 197 2441 tribuit
325 2410 361 2443 ll)
395 2411 598 2452 neglegentia
625 2415 660 2443 tsi
689 2412 721 2453 (a
749 2415 784 2444 tsi
811 2411 845 2444 in
871 2411 961 2454 ras.)
1084 2413 1161 2443 illud
1187 2413 1221 2454 (d
1249 2423 1299 2446 esc
1325 2418 1334 2443 t
1361 2414 1470 2454 corr.)
1594 2415 1708 2455 quies*

89 2469 139 2510 (in
165 2479 250 2511 ras„
276 2468 420 2503 uidetur
442 2467 562 2513 fuisse
589 2469 635 2512 es)
776 2470 815 2503 ¹11
855 2471 1017 2502 collocata
1045 2470 1170 2515 (prior
1195 2471 1203 2501 l
1231 2474 1336 2509 corr.)
1470 2473 1509 2503 ed
1535 2473 1715 2504 sublimiias

88 2528 293 2569 expulsisfflss
439 2530 598 2560 erroribus
626 2526 842 2562 Pincianus:
872 2531 1046 2561 terroribus
1195 2530 1236 2563 Γ.)
1265 2531 1433 2561 immotum
1523 2546 1529 2553 ¹
1579 2531 1612 2564 14
1643 2532 1714 2572 cepi

212 2610 249 2643 15
277 2616 306 2642 et
326 2612 459 2642 *tristitia
488 2610 614 2656 mchoz
644 2602 853 2643 nec¹¹tristitia
980 2612 1016 2645 19
1050 2614 1211 2652 ignoratio
1231 2613 1445 2654 (correctum
1464 2614 1500 2645 in
1520 2615 1714 2655 ignorantia,

89 2667 219 2707 lineola
245 2679 358 2714 supra
385 2681 403 2701 a
426 2671 546 2715 posita
573 2675 605 2704 el
632 2682 651 2702 0
679 2670 714 2703 in
741 2682 758 2701 a
786 2671 934 2713 mutata)
1048 2671 1091 2703 ‘235
1120 2678 1224 2702 tunc*
1251 2676 1339 2709 (ras.
1356 2672 1536 2716 punctim
1560 2671 1714 2713 uidetur)

206 2728 249 2760 24
276 2729 385 2769 effugit
413 2726 584 2772 Madm‘q:
615 2731 763 2773 effugerit
883 2730 926 2763 2ss
954 2731 1150 2771 uoluptatem
1179 2729 1393 2764 deteriores:
1423 2732 1619 2762 uoluntatem

90 2785 132 2819 27
161 2787 295 2828 aliaq3-x-
426 2788 470 2820 28
497 2794 682 2819 ammoueat
810 2792 893 2818 totos
919 2798 978 2819 nos
1004 2786 1126 2821 Koch:
1156 2792 1240 2819 totos
1378 2798 1552 2830 partesq;÷÷
1580 2791 1710 2820 nostri*

89 2844 211 2887 (erasa
238 2846 265 2883 s)

1743 871 1770 893 ii)

1742 1223 1770 1246 15

1738 1573 1770 1597 20

1736 1924 1770 1949 25
