2008 3221
257 114 340 153 204
493 111 596 137 DIAL.
619 109 670 136 IX.
711 110 764 134 AD
786 109 974 135 SERENVM
996 109 1048 134 DE
1068 108 1420 141 TRANQVILLITATE
1439 110 1569 138 ANIMI.
1609 112 1634 137 7.

257 206 461 246 honorem
515 207 840 257 intemperantes
891 205 982 245 sint.
1046 206 1170 244 deme
1218 205 1293 245 illis
1341 212 1469 245 testes
1512 213 1879 260 spectatoresque:

256 291 339 316 non
382 276 607 315 delectabit
639 276 794 328 popina
825 281 996 315 secreta.
1060 276 1409 316 considerandum
1443 284 1527 325 est,
1569 282 1706 317 utrum
1738 284 1884 318 natura

256 354 326 386 tua
367 346 540 398 agendis
583 346 708 385 rebus
750 360 802 385 an
845 346 982 385 otioso
1025 346 1162 385 studio
1195 347 1622 400 contemplationique
1654 349 1788 400 aptior
1819 351 1883 397 sit,

255 424 296 457 et
338 432 388 456 eo
431 417 733 465 inclinandum,
776 430 860 469 quo
903 423 945 456 te
976 417 1036 456 uis
1069 417 1218 468 ingenii
1251 416 1362 456 feret.
1427 417 1631 458 Isocrates
1664 418 1882 470 Ephorum

219 506 233 527 ε.
253 488 403 527 iniecta
444 501 570 526 manu
602 501 626 526 a
658 487 749 527 foro
791 487 992 527 subduxit
1035 487 1241 527 utiliorem
1281 490 1570 540 conponendis
1602 490 1884 529 monumentis

203 857 231 881 10

202 1212 229 1235 15)

197 1566 230 1590 ’.Ὀ

198 2274 230 2296 30

253 558 514 597 historiarum
548 564 671 597 ratus.
717 558 825 598 male
854 559 963 598 enim
988 559 1244 610 respondent
1266 565 1414 598 coacta
1435 559 1618 611 ingenia:
1655 559 1884 599 reluctante

252 635 399 669 natura
440 629 584 669 inritus
626 628 745 668 labor
778 636 851 670 est.
915 629 1011 668 nihil
1043 635 1185 668 tamen
1219 642 1351 681 aeque
1383 629 1654 670 oblectauerit
1686 632 1883 679 animum,
1909 642 1931 676 3

252 713 376 751 quam
420 700 599 739 amicitia
640 699 771 739 fidelis
814 706 855 740 et
898 699 1038 740 dulcis
1101 706 1303 752 quantum
1344 700 1504 739 bonum
1538 706 1621 749 est,
1664 701 1734 740 ubi
1764 715 1882 754 prae-

251 776 397 822 parata
448 776 543 810 sunt
595 776 791 823 pectora,
843 771 882 810 in
935 784 1041 823 quae
1090 777 1182 810 tuto
1224 777 1430 810 secretum
1474 785 1600 811 omne
1642 773 1883 821 descendat,

252 855 429 893 quorum
472 842 770 881 conscientiam
813 842 947 881 minus
988 855 1114 894 quam
1157 848 1273 881 tuam
1316 842 1485 890 timeas,
1527 856 1704 895 quorum
1743 856 1883 883 sermo

250 912 567 952 sollicitudinem
591 912 728 960 leniat,
760 913 966 952 sententia
989 912 1203 952 consilium
1228 913 1440 965 expediat,
1473 912 1653 953 hilaritas
1674 914 1881 954 tristitiam

251 983 442 1035 dissipet,
485 989 734 1035 conspectus
767 983 855 1036 ipse
889 983 1094 1024 delectet!
1140 997 1246 1036 quos
1278 983 1431 1023 scilicet
1463 998 1638 1033 uacuos,
1680 990 1881 1037 quantum

251 1053 337 1093 fieri
379 1054 552 1105 poterit,
597 1068 621 1094 a
663 1055 956 1106 cupiditatibus
998 1054 1210 1107 eligemus.
1272 1060 1444 1107 serpunt
1486 1055 1595 1094 enim
1640 1056 1737 1095 uitia
1768 1062 1809 1095 et
1842 1055 1882 1095 in

250 1125 493 1176 proximum
535 1138 747 1178 quemque
787 1125 1016 1165 transiliunt
1058 1132 1100 1165 et
1141 1132 1337 1165 contactu
1368 1131 1533 1166 nocent.
1595 1126 1734 1179 itaque
1766 1132 1810 1166 ut
1842 1128 1881 1166 in
1907 1138 1927 1171 4

250 1195 485 1247 pestilentia
526 1197 754 1235 curandum
798 1201 881 1244 est,
925 1210 976 1235 ne
1019 1197 1221 1249 correptis
1263 1199 1345 1236 iam
1379 1197 1623 1249 corporibus
1656 1203 1698 1237 et
1730 1197 1882 1237 morbo

251 1266 522 1318 flagrantibus
564 1267 852 1315 adsideamus,
894 1268 989 1320 quia
1031 1268 1212 1320 pericula
1252 1268 1466 1308 trahemus
1507 1268 1749 1320 adflatuque
1789 1268 1882 1321 ipso

252 1336 557 1377 laborabimus:
605 1338 661 1377 ita
703 1338 742 1377 in
785 1338 1015 1378 amicorum
1049 1339 1237 1391 legendis
1269 1339 1440 1391 ingeniis
1474 1340 1665 1379 dabimus
1697 1352 1883 1391 operam,

252 1413 295 1446 ut
327 1421 454 1459 quam
488 1409 657 1448 minime
688 1409 923 1462 inquinatos
955 1410 1247 1450 adsumamus:
1293 1410 1451 1449 initium
1484 1410 1621 1450 morbi
1653 1415 1717 1449 est
1748 1410 1882 1462 aegris

250 1492 351 1517 sana
383 1479 565 1518 miscere.
628 1493 705 1519 nec
736 1479 818 1519 hoc
849 1481 1133 1532 praeceperim
1168 1481 1258 1529 tibi,
1294 1488 1339 1522 ut
1371 1481 1581 1520 neminem
1613 1481 1688 1520 nisi
1717 1481 1881 1533 sapien-

251 1554 336 1588 tem
379 1550 564 1602 sequaris
606 1557 677 1590 aut
719 1551 928 1591 adtrahas
991 1552 1061 1591 ubi
1103 1552 1210 1591 enim
1253 1552 1378 1592 istum
1416 1552 1618 1600 inuenies,
1660 1564 1786 1605 quem
1819 1556 1883 1591 tot

250 1619 397 1659 seculis
439 1621 703 1672 quaerimus?
746 1635 824 1673 pro
866 1623 1029 1674 optimo
1071 1624 1123 1662 sit
1155 1623 1324 1662 minime
1357 1622 1500 1662 malus.
1563 1623 1634 1662 uix
1666 1622 1741 1663 tibi
1773 1627 1883 1662 esset
1909 1631 1928 1665 ξ)

251 1689 422 1730 facultas
472 1691 645 1731 dilectus
687 1691 898 1741 felicioris,
946 1694 979 1732 si
1022 1694 1126 1733 inter
1168 1693 1365 1734 Platonas
1407 1700 1449 1734 et
1492 1693 1800 1745 Xenophontas
1841 1698 1884 1732 et

250 1760 360 1800 illum
385 1761 586 1802 Socratici
619 1762 724 1803 fetus
756 1770 1008 1815 prouentum
1042 1764 1180 1804 bonos
1212 1778 1444 1817 quaerereS,
1478 1770 1548 1804 aut
1579 1765 1611 1804 si
1639 1764 1712 1804 tibi
1740 1769 1881 1815 potes-

251 1837 314 1870 tas
359 1831 614 1873 Catonianae
662 1833 779 1873 fieret
822 1836 990 1883 aetatis,
1043 1849 1151 1888 quae
1191 1835 1413 1888 plerosque
1457 1836 1607 1887 dignos
1649 1834 1762 1883 tulit,
1815 1835 1884 1887 qui

216 1922 230 1943 r,
253 1902 423 1942 Catonis
464 1904 604 1943 seculo
647 1912 916 1945 nascerentur
960 1906 1078 1955 (sicut
1120 1906 1276 1946 multos
1318 1907 1481 1958 peiores
1522 1920 1649 1958 quam
1683 1919 1882 1959 umquam

250 1973 347 2013 alias
381 1975 748 2027 maximorumque
780 1976 997 2017 molitores
1028 1977 1244 2017 scelerum.
1287 1984 1463 2029 utraque
1495 1978 1605 2016 enim
1633 1976 1756 2016 turba
1777 1990 1883 2029 opus

250 2051 359 2093 erat,
402 2051 447 2085 ut
481 2045 588 2086 Cato
631 2054 776 2098 posset
818 2047 1010 2100 intellegi.
1074 2048 1231 2088 habere
1272 2048 1416 2088 debuit
1459 2055 1501 2089 et
1533 2048 1691 2097 bonos,
1733 2047 1882 2100 quibus

250 2129 295 2154 se
326 2116 604 2167 adprobaret,
648 2124 689 2158 et
722 2117 876 2167 malos,
918 2120 956 2158 in
990 2119 1139 2170 quibus
1173 2120 1256 2158 uim
1289 2133 1407 2160 suam
1440 2118 1737 2172 experiretur):
1775 2131 1883 2157 nunc
1909 2129 1928 2159 (5

251 2199 350 2224 uero
385 2187 422 2224 in
452 2193 569 2227 tanta
592 2188 800 2228 bonorum
825 2196 1015 2242 egestate
1038 2191 1170 2229 minus
1193 2190 1409 2230 fastidiosa
1430 2190 1502 2230 fiat
1524 2189 1683 2229 electio,
1725 2189 1881 2241 praeci-

251 2270 332 2307 pue
364 2263 507 2296 tamen
540 2259 720 2299 uitentur
752 2260 891 2299 tristes
924 2267 966 2300 et
998 2261 1139 2300 omnia
1171 2260 1453 2313 deplorantes,
1485 2260 1634 2313 quibus
1666 2259 1777 2299 nulla
1798 2272 1883 2299 non

252 2432 272 2464 ‘2
293 2430 402 2465 uerba
422 2434 693 2465 considerandum
713 2439 758 2466 est
778 2455 821 2458 —
840 2435 859 2468 7
880 2436 974 2467 labor
992 2440 1036 2466 est
1053 2433 1109 2468 hic
1128 2435 1247 2469 aliena
1266 2445 1342 2469 esse
1361 2434 1450 2468 uidit
1466 2434 1587 2470 Haase
1604 2439 1637 2470 et
1655 2440 1737 2469 (lnce
1755 2445 1883 2466 necesse

252 2496 297 2523 est
324 2499 352 2525 ο.
373 2493 403 2532 6,
425 2493 455 2531 2,
470 2502 507 2536 p.
529 2494 607 2533 203,
628 2495 646 2526 6
666 2493 802 2538 posuit,
832 2493 938 2528 Gertz
959 2499 1045 2539 post
1071 2495 1230 2536 oppressit
1257 2495 1368 2526 officio
1384 2504 1421 2538 p.
1441 2496 1519 2534 203,
1539 2496 1558 2527 9
1677 2493 1698 2527 4
1724 2495 1883 2525 Isocrates

252 2551 422 2591 Ephorum
451 2551 567 2582 iniecta
593 2551 673 2585 olim
703 2563 817 2589 corr.:
848 2555 999 2585 Socrates
1026 2554 1161 2595 sephon.
1179 2553 1262 2584 lecta
1359 2552 1379 2585 8
1412 2558 1585 2594 preparata
1610 2557 1680 2584 sunt
1707 2551 1786 2588 cod.
1813 2556 1882 2583 sunt

253 2613 446 2651 praeparata
466 2609 574 2655 quyo
695 2611 727 2644 1-4
757 2616 787 2643 ut
807 2610 882 2645 E‘lt
912 2617 944 2643 ut
961 2613 1049 2653 quod
1167 2611 1206 2645 15
1225 2613 1443 2653 neccorreplis
1463 2611 1588 2656 (prior
1607 2623 1622 2643 c
1643 2610 1771 2653 deleta)

259 2685 296 2718 113
325 2686 469 2728 asilatuffl
499 2687 615 2732 (prior
642 2689 655 2719 s
677 2689 786 2730 corr.)
896 2687 935 2722 17
962 2684 993 2720 {it
1020 2683 1120 2730 opan'i
1243 2687 1287 2721 20
1313 2689 1467 2719 adtrahas
1495 2688 1529 2729 (d
1555 2698 1650 2722 corr.
1678 2687 1713 2721 in
1739 2689 1762 2729 t)
1818 2719 1823 2723 r

1316 2754 1340 2771 C.
1358 2751 1440 2771 cetus

254 2782 345 2812 istum
366 2780 580 2815 deleriores:
610 2783 691 2813 istud
814 2783 852 2817 21
885 2783 924 2814 sit
946 2781 1071 2816 Gerlz:
1101 2790 1148 2814 est
1269 2782 1312 2819 ‘23
1340 2783 1418 2814 setus
1445 2787 1645 2829 (suprascr.
1665 2794 1708 2817 m.
1730 2783 1763 2826 4)

254 2840 297 2873 ¹2¹.)
326 2847 467 2883 egestate
