2008 3221
231 104 311 144 198
447 101 551 126 DIAL.
575 101 626 128 [X.
666 101 719 125 AD
741 99 929 126 SERENVM
950 100 1004 126 DE
1024 100 1380 132 TRANQvlLLlTATE
1400 101 1528 129 ANIMI.
1568 103 1594 129 2.
1615 103 1642 129 3.

227 204 269 237 et
300 203 413 237 tactu
445 196 648 249 gaudent,
682 202 723 235 et
756 195 926 236 foedam
959 209 1184 249 corporum
1217 196 1401 237 scabiem
1434 196 1615 237 delectat
1656 197 1855 250 quidquid

227 274 475 321 exasperat:
522 281 606 306 non
648 267 765 306 aliter
808 267 986 306 dixerim
1026 267 1089 306 his
1130 267 1361 316 mentibus,
1385 268 1444 307 'in
1475 281 1578 320 quas
1611 267 1856 320 cupiditates

228 339 339 378 uelut
372 336 482 377 mala
509 336 646 377 ulcera
673 344 908 390 eruperunt,
941 337 1145 390 uoluptati
1167 350 1258 377 esse
1279 336 1468 376 laborem
1492 338 1857 391 uexationemque.

227 415 322 448 sunt
364 409 472 447 enim
515 409 745 460 quaedam,
788 422 896 460 quae
937 421 1088 460 corpus
1120 421 1288 460 quoque
1319 413 1509 447 nostrum
1542 422 1637 448 cum
1669 409 1856 462 quodam

192 494 206 515 ,τι
228 480 375 519 dolore
418 478 647 527 delectent,
691 484 735 518 ut
778 492 943 518 uersare
984 492 1029 518 se
1068 484 1108 518 et
1142 485 1303 518 mutare
1334 478 1521 518 nondum
1553 478 1708 519 fessum
1740 478 1859 528 latus,

179 844 208 869 10

179 1200 209 1224 15

177 1554 211 1577 20

180 1908 212 1933 ‘25

228 558 269 591 et
312 550 391 590 alio
433 556 558 601 atque
590 549 669 590 alio
703 550 841 603 positu
873 549 1069 589 uentilari.
1131 549 1261 602 qualis
1292 548 1357 589 ille
1390 549 1640 589 Homericus
1672 549 1859 590 Achilles

228 628 308 670 est,
348 622 480 661 modo
513 634 691 673 pronus,
734 621 866 660 modo
899 621 1086 674 supinus,
1128 620 1167 659 in
1199 621 1336 660 uarios
1366 619 1533 660 habitus
1564 634 1609 660 se
1640 621 1728 672 ipse
1760 633 1858 660 con-

228 706 402 746 ponens,
434 693 549 744 quod
573 689 796 744 ⁴proprium
828 692 941 743 aegri
974 697 1047 740 est,
1080 690 1178 731 nihil
1210 691 1279 731 diu
1310 691 1396 744 pati
1429 697 1470 730 et
1493 691 1794 731 mutationibus
1816 695 1860 730 ut

228 763 421 802 remediis
474 763 542 802 uti.
615 763 711 802 inde
762 763 1118 815 peregrinationes
1165 762 1442 815 suscipiuntur
1483 775 1616 814 uagae
1656 767 1698 802 et
1738 761 1861 802 litora

229 841 491 889 pererrantur
522 840 563 873 et
596 834 728 873 modo
761 834 863 873 mari
894 847 959 882 56,
993 834 1125 873 modo
1158 838 1268 873 terra
1299 834 1512 886 experitur
1543 847 1710 886 semper
1739 846 1858 886 prae-

229 907 413 947 sentibus
456 904 604 944 infesta
635 904 790 944 leuitas.
855 918 963 944 nunc
996 904 1270 957 Campaniam
1303 910 1508 956 petamus.
1570 904 1651 943 iam
1685 903 1862 944 delicata

228 977 393 1018 fastidio
435 982 541 1015 sunt.
603 975 756 1015 inculta
787 975 1029 1015 uideantur:
1076 975 1262 1015 Bruttios
1295 981 1336 1015 et
1368 975 1578 1015 Lucaniae
1608 974 1737 1015 saltus
1768 988 1859 1027 per-

228 1061 463 1101 sequamur.
526 1047 679 1100 aliquid
717 1052 860 1086 tamen
893 1046 997 1086 inter
1030 1047 1196 1086 deserta
1227 1046 1394 1086 amoeni
1426 1046 1662 1098 requiritur,
1705 1045 1745 1084 in
1775 1058 1860 1098 quo

229 1119 428 1160 luxuriosi
480 1118 587 1158 oculi
639 1117 768 1170 longo
820 1117 1010 1157 locorum
1062 1117 1321 1157 horrentium
1363 1116 1558 1169 squalore
1599 1115 1856 1156 releuentur:

229 1191 460 1230 Tarentum
502 1195 669 1242 petatur
710 1188 987 1240 laudatusque
1027 1194 1173 1241 portus
1206 1194 1248 1227 et
1279 1187 1453 1228 hiberna
1483 1187 1585 1228 caeli
1616 1187 1790 1227 mitioris
1821 1191 1863 1226 et

229 1263 346 1313 regio
389 1260 455 1300 uel
497 1260 692 1312 antiquae
733 1260 832 1299 satis
875 1258 1074 1312 opulenta
1111 1258 1270 1298 turbae.
1331 1260 1414 1298 iam
1447 1258 1664 1298 flectamus
1697 1270 1862 1297 cursum

229 1333 284 1371 ad
317 1331 476 1371 urbem.
539 1331 659 1370 nimis
692 1332 761 1370 diu
793 1344 818 1370 a
849 1330 995 1382 plausu
1029 1336 1069 1370 et
1098 1329 1265 1382 fragore
1293 1343 1413 1369 aures
1436 1335 1699 1369 uacauerunt.
1751 1329 1864 1368 iuuat

229 1404 311 1442 iam
361 1409 402 1442 et
453 1402 639 1441 humano
681 1402 883 1454 sanguine
925 1400 1010 1440 frui.
1073 1400 1183 1440 aliud
1226 1414 1281 1440 ex
1322 1400 1402 1440 alio
1444 1400 1521 1440 iter
1561 1399 1864 1452 suscipituret

229 1473 468 1526 spectacula
499 1472 745 1526 spectaculis
778 1478 1001 1512 mutantur.
1064 1478 1108 1511 ut
1138 1473 1195 1511 ait
1226 1471 1469 1511 Lucretius:

666 1546 733 1582 hoc
763 1558 800 1582 se
831 1545 986 1593 quisque
1017 1545 1124 1582 modo
1154 1550 1299 1593 semper
1315 1544 1436 1594 fugit.

231 1617 305 1655 sed
348 1615 447 1668 quid
489 1615 684 1668 prodest,
726 1615 759 1654 si
790 1628 874 1653 non
907 1614 1078 1667 effugit?
1131 1615 1317 1666 sequitur
1348 1627 1392 1653 se
1424 1613 1512 1666 ipse
1544 1619 1586 1653 et
1617 1619 1739 1665 urget
1770 1626 1862 1665 gra-

232 1689 423 1726 uissimus
465 1700 620 1726 comes.
682 1687 821 1739 itaque
863 1686 967 1726 scire
1010 1685 1215 1725 debemus
1256 1699 1342 1724 non
1371 1684 1562 1724 locorum
1595 1686 1739 1725 uitium
1773 1697 1864 1724 esse

233 1772 316 1811 quo
348 1757 600 1806 laboramuS,
632 1758 705 1797 sed
737 1763 947 1797 nostrum:
990 1756 1139 1797 infirmi
1170 1769 1312 1795 sumus
1345 1756 1399 1795 ad
1431 1769 1558 1795 omne
1589 1755 1866 1803 tolerandum,

1886 279 1926 313 12

1887 771 1930 806 13

1892 1407 1933 1441 14

1893 1690 1934 1723 15

233 1843 310 1869 nec
358 1829 511 1868 laboris
563 1830 770 1881 patientes
817 1842 895 1868 nec
937 1827 1162 1880 uoluptatis
1204 1841 1281 1867 nec
1322 1832 1491 1867 nostrae
1532 1840 1609 1867 nec
1650 1825 1767 1866 ullius
1808 1827 1892 1871 rei,

235 1901 396 1940 diutius.
459 1900 541 1939 hoc
589 1900 797 1952 quosdam
842 1900 927 1951 egit
969 1900 1023 1938 ad
1066 1904 1270 1947 mortem,
1322 1899 1438 1951 quod
1479 1898 1698 1951 proposita
1740 1911 1866 1950 saepe

235 1972 437 2012 mutando
471 1973 511 2011 in
544 1971 694 2010 eadem
727 1969 1050 2010 reuoluebantur
1077 1976 1119 2009 et
1141 1983 1226 2010 non
1248 1969 1497 2023 reliquerant
1519 1970 1695 2010 nouitati
1716 1968 1866 2009 locum.

191 2073 197 2079 .
234 2042 400 2083 fastidio
455 2056 544 2081 esse
596 2041 671 2081 illis
724 2043 863 2094 coepit
915 2043 1000 2081 uita
1051 2046 1092 2081 et
1140 2042 1228 2093 ipse
1277 2041 1478 2090 mundus,
1521 2046 1563 2080 et
1603 2040 1728 2081 subiit
1768 2039 1865 2080 illud

184 2264 216 2285 :30

234 2114 473 2154 tabidarum
507 2113 767 2153 deliciarum:
803 2126 1021 2166 quousque
1053 2113 1232 2152 eadem?

356 2185 420 2224 ΙΙΙ.
484 2184 705 2224 Aduersus
757 2183 839 2224 hoc
891 2184 1075 2224 taedium
1128 2196 1213 2235 quo
1265 2182 1421 2223 auxilio
1468 2189 1615 2235 putem
1663 2181 1866 2222 utendum

237 2258 411 2309 quaeris.
479 2255 687 2308 optimum
729 2261 835 2304 erat,
879 2261 923 2295 ut
965 2256 1022 2295 ait
1063 2253 1393 2302 Athenodorus,
1439 2255 1604 2294 actione
1646 2266 1782 2292 rerum
1826 2258 1868 2292 et

1690 2379 1710 2405 ti

242 2422 254 2453 1
294 2421 369 2460 feda
514 2420 613 2461 chid
759 2420 778 2451 '5
814 2429 912 2450 esse-x-
940 2420 1086 2451 labore*
1245 2417 1265 2450 7
1300 2428 1501 2459 componens
1653 2428 1727 2458 pa-x-

238 2479 257 2509 9
295 2480 369 2509 uti*
498 2483 525 2508 et
553 2479 648 2509 litora
676 2477 891 2511 deteriores:
921 2481 950 2508 et
977 2478 1007 2508 in
1035 2478 1130 2508 litora
1264 2476 1304 2509 1⁴2
1337 2476 1492 2517 lucanie-x-
1624 2475 1665 2508 13
1701 2476 1869 2517 requiritur

241 2534 665 2571 Christiumen-Schmidt
692 2536 791 2581 apud
810 2534 1055 2580 Madm‘qinm:
1086 2535 1204 2577 reqrat*
1327 2534 1369 2567 15
1397 2538 1427 2566 et
1452 2538 1539 2566 recto
1566 2535 1651 2575 (non
1669 2533 1771 2576 recto)
1790 2532 1869 2568 cod.

241 2597 330 2637 regio
358 2593 513 2634 Fickert,
542 2597 695 2637 regioque
724 2594 842 2635 Gertz,
869 2599 899 2626 et
926 2595 1016 2636 regio
1044 2592 1144 2627 Koch
1301 2594 1341 2627 17
1376 2594 1430 2625 diu
1457 2594 1592 2634 aplausu
1627 2595 1730 2637 (post
1755 2593 1808 2624 diu
1834 2593 1869 2625 in

236 2655 309 2698 fine
335 2664 464 2688 uersus
491 2665 621 2688 rasura
649 2654 788 2689 litterae
814 2666 842 2694 a,
870 2664 962 2698 qnae
981 2657 1112 2698 postea
1138 2657 1220 2687 auce
1244 2654 1356 2695 plausu
1383 2652 1481 2686 initio
1506 2652 1724 2696 insequentis
1742 2662 1870 2686 uersus

239 2713 366 2747 addila
391 2714 457 2757 est)
585 2715 623 2747 lo*
650 2716 825 2746 humano÷÷
969 2713 1009 2745 21
1048 2717 1078 2744 et
1105 2717 1195 2754 urget
1223 2713 1267 2755 (et
1293 2723 1328 2744 ur
1354 2712 1464 2754 corr.)
1587 2711 1631 2745 :27
1667 2712 1752 2753 cepit

240 2775 336 2805 subiit
364 2774 441 2805 illud
468 2774 651 2805 tabidarum
680 2773 842 2818 Lt'psius:
871 2773 955 2804 subit
982 2772 1060 2803 illud
1086 2773 1274 2803 rabidarum
1396 2771 1442 2805 28
1475 2783 1538 2813 quo
1564 2783 1635 2813 usq;
1664 2782 1702 2803 ea
1729 2771 1792 2803 de&
1819 2771 1869 2814 (in

241 2843 327 2875 ras,
355 2843 450 2867 corr.
479 2844 585 2867 manu
613 2832 805 2867 admodum
832 2831 981 2875 recenti)
1105 2830 1149 2864 29
1176 2832 1267 2865 tedisl
1387 2830 1433 2865 30
1457 2832 1563 2874 queris
