2008 3221
268 142 319 182 82
750 135 855 161 DIAL.
878 135 925 160 lv.
965 135 1019 160 DE
1039 135 1107 160 1RA
1128 135 1200 162 LIB.
1224 135 1261 162 11.
1300 136 1344 162 3⁴.
1365 138 1409 162 35.

263 234 481 274 Romanus
513 232 720 272 fideliores
752 231 882 271 habet
913 231 1050 270 socios
1079 244 1206 283 quam
1239 245 1347 283 quos
1379 231 1523 271 habuit
1545 232 1896 284 pertinacissimos

263 305 429 344 hostes?
462 304 578 355 quod
610 302 737 341 hodie
770 308 881 341 esset
903 302 1133 354 imperium,
1166 302 1240 341 nisi
1272 302 1446 341 salubris
1477 303 1742 355 prouidentia
1763 303 1896 342 uictos

261 374 567 427 permiscuisset
609 372 862 412 uictoribus?
926 373 1126 411 irascetur
1177 372 1345 425 aliquis:
1402 380 1446 412 tu
1489 379 1636 412 contra
1687 372 1896 412 beneficiis

262 458 457 497 prouoca.
522 444 633 483 cadit
664 444 804 482 statim
838 442 1024 482 simultas
1057 442 1111 482 ab
1134 442 1264 481 altera
1296 449 1414 495 parte
1437 444 1614 483 deserta.
1676 443 1750 482 nisi
1781 443 1897 496 paria

226 527 239 547 -·-
261 529 345 554 non
388 521 589 567 pugnant.
652 515 684 553 si
737 514 944 565 utrimque
996 519 1110 552 certa
1162 513 1335 552 uictoria
1379 514 1658 553 concurritur:
1714 513 1780 552 ille
1833 520 1895 552 est

209 886 214 908 l
223 888 238 908 1]

260 585 407 624 melior
438 584 507 637 qui
539 585 653 637 prior
684 585 839 636 pedem
872 583 1046 644 rettulit,
1079 584 1210 622 uictus
1243 590 1306 623 est
1328 585 1397 637 qui
1428 584 1533 623 uicit.
1595 584 1796 636 percussit
1826 591 1891 623 te:

258 657 420 695 recede.
483 655 719 694 referiendo
753 655 862 694 enirn
907 660 948 693 et
981 655 1248 693 occasionem
1282 655 1445 706 saepius
1487 654 1657 694 feriendi
1701 655 1820 694 dabis
1853 662 1895 694 et

259 727 589 766 excusationem.
651 739 736 764 non
768 725 924 777 poteris
957 724 1109 772 reuelli,
1142 738 1236 763 cum
1270 724 1397 764 uoles.

377 797 555 836 XXXV.
618 796 833 849 Numquid
866 795 963 834 uelit
986 796 1205 847 quisquam
1238 802 1326 834 tam
1351 796 1532 847 grauiter
1564 795 1732 835 hostem
1764 795 1893 843 ferire,

259 876 302 908 ut
355 869 558 920 relinquat
610 880 781 906 manum
834 867 873 905 in
926 866 1095 905 uolnere
1148 872 1190 906 et
1238 880 1283 905 se
1326 867 1379 905 ab
1432 866 1515 905 ictu
1559 880 1758 906 reuocare
1810 880 1893 906 non

257 940 411 991 possit?
445 939 557 990 atqui
590 938 673 977 tale
705 939 764 977 ira
795 937 923 976 telum
958 945 1044 977 est:
1094 938 1163 976 uix
1208 937 1438 976 retrahitur.
1503 938 1784 988 arma,nobis
1817 951 1891 977 ex-

255 1011 397 1062 pedita
426 1010 712 1061 prospicimus,
736 1008 922 1060 gladium
947 1009 1224 1047 commodum
1248 1014 1289 1047 et
1311 1007 1520 1047 habilem:
1554 1021 1637 1047 non
1670 1008 1893 1047 uitabimus

255 1082 417 1133 inpetus
449 1080 573 1119 animi
606 1079 683 1119 hos
717 1092 886 1130 graues,
930 1078 1150 1118 funerosos
1194 1085 1235 1118 et
1267 1078 1594 1118 inreuocabiles?
1637 1092 1688 1118 ea
1719 1080 1898 1127 demum,

225 1151 453 1201 ⁴uelocitas
485 1150 638 1202 placet,
681 1163 787 1202 quae
821 1150 889 1189 ubi
922 1150 1032 1189 iussa
1065 1157 1127 1189 est
1174 1150 1398 1201 uestigium
1431 1150 1536 1189 sistit
1569 1163 1646 1188 nec
1679 1149 1785 1189 ultra
1819 1150 1889 1188 de-

205 1238 234 1262 15

197 1591 231 1616 *20

254 1222 406 1260 stinata
448 1221 653 1273 procurrit
696 1220 888 1272 flectique
932 1228 972 1260 et
1014 1234 1038 1259 a
1081 1234 1199 1260 cursu
1244 1221 1298 1259 ad
1341 1221 1520 1272 gradum
1564 1221 1705 1260 reduci
1737 1227 1891 1272 potest.

254 1305 404 1343 aegros
437 1292 589 1330 scimus
621 1305 774 1330 neruos
807 1304 909 1338 esse,
943 1291 1011 1330 ubi
1041 1291 1175 1330 inuitis
1208 1291 1329 1330 nobis
1362 1297 1595 1330 mouentur.
1658 1305 1788 1330 senex
1821 1298 1892 1330 aut

252 1362 401 1401 infirmi
435 1363 625 1414 corporis
659 1368 734 1409 est,
777 1362 844 1413 qui
877 1375 971 1400 cum
1006 1361 1222 1401 ambulare
1256 1361 1342 1400 uult
1385 1362 1531 1401 currit:
1579 1359 1706 1402 animi
1750 1367 1890 1401 motus

253 1447 326 1472 eos
358 1439 553 1485 putemus
585 1432 828 1471 sanissimos
861 1432 1233 1484 ualidissimosque‚
1273 1433 1341 1484 qui
1373 1439 1519 1471 nostro
1552 1432 1722 1471 arbitrio
1761 1432 1891 1481 ibunt,

252 1518 336 1543 non
388 1518 464 1543 suo
517 1503 709 1542 ferentur.
777 1502 873 1541 nihil
927 1509 1069 1541 tamen
1113 1516 1245 1555 aeque
1289 1503 1487 1555 profuerit
1530 1516 1655 1554 quam
1708 1503 1888 1554 primum

252 1575 397 1613 intueri
430 1573 741 1613 deformitatem
775 1574 846 1621 rei,
881 1573 1031 1613 deinde
1056 1573 1296 1626 periculum.
1358 1587 1444 1613 non
1477 1581 1540 1613 est
1563 1572 1680 1612 ullius
1703 1573 1890 1613 adfectus

251 1645 373 1684 facies
405 1644 621 1684 turbatior.
683 1643 960 1695 pulcherrima
993 1658 1067 1683 ora
1099 1644 1306 1692 foedauit,
1340 1651 1486 1684 toruos
1519 1645 1657 1684 uoltus
1690 1659 1745 1684 ex
1777 1651 1887 1684 tran-

250 1716 498 1768 quillissimis
531 1715 680 1754 reddit.

856 1788 994 1834 linquis
1023 1787 1134 1824 decor
1162 1788 1281 1823 omnis

251 1858 402 1896 iratos:
460 1863 501 1895 et
543 1857 628 1895 siue
671 1857 845 1895 amictus
888 1856 962 1894 illis
1004 1857 1246 1908 conpositus
1289 1862 1351 1895 est
1407 1856 1459 1895 ad
1506 1856 1666 1908 legem,
1722 1856 1889 1896 trahent

195 1946 229 1970 πε,
250 1934 410 1967 uestem
455 1940 710 1979 omnemque
752 1940 893 1966 curam
936 1927 996 1965 sui
1039 1926 1274 1974 effundent3
1331 1927 1418 1965 siue
1461 1927 1702 1979 capillorum
1744 1932 1890 1967 natura

252 1999 315 2037 uel
349 2007 437 2037 arte
471 1998 690 2036 iacentium
725 2010 808 2036 non
853 1997 1038 2036 informis
1070 1997 1248 2045 habitus,
1288 2011 1383 2036 cum
1416 1999 1556 2037 animo
1590 1998 1888 2037 inhorrescunt.

251 2075 487 2108 tumescunt
521 2082 662 2107 uenae,
728 2068 987 2107 concutietur
1029 2069 1178 2107 crebro
1222 2069 1364 2119 spiritu
1397 2074 1554 2120 pectus,
1594 2069 1741 2108 rabida
1774 2069 1888 2108 uocis

253 2209 269 2241 Αῖ
295 2215 383 2253 post
410 2209 510 2240 altera
537 2218 672 2241 rasura
697 2208 787 2242 satis
813 2219 945 2252 maqna
1059 2187 1152 2250 paria
1177 2220 1242 2240 non
1357 2209 1376 2241 Ξ)
1404 2210 1430 2240 si
1455 2210 1613 2250 utrimque
1639 2213 1726 2240 certa
1751 2209 1889 2240 uictoria

252 2269 451 2299 concurritur
476 2266 596 2301 Koch:
632 2268 688 2298 sed
714 2268 845 2308 utrimq3
884 2268 1021 2298 certabit
1057 2268 1091 2309 (b
1118 2266 1265 2301 uidetur
1289 2279 1308 2298 u
1338 2267 1469 2310 fuisse)
1497 2269 1747 2299 iraconeurritur

259 2328 297 2360 H)
324 2328 453 2358 uulnerc¹
576 2327 606 2358 ll
640 2328 726 2367 atqui
756 2326 806 2369 (in
834 2326 925 2367 ras.)
1044 2327 1084 2359 12
1113 2335 1142 2358 et
1168 2327 1280 2358 habile
1390 2327 1429 2358 123
1458 2327 1595 2368 impetus
1702 2327 1802 2357 animi
1828 2327 1888 2358 hos

251 2397 365 2427 graues
393 2386 450 2426 <sini
477 2387 538 2416 hos
565 2385 599 2417 in
626 2386 715 2425 ras.)
865 2386 964 2416 animi
991 2386 1040 2416 his
1066 2397 1181 2427 graues
1209 2387 1314 2427 magis
1342 2385 1454 2429 Neap.
1598 2386 1637 2418 113
1665 2386 1834 2417 sunerosos
1859 2390 1889 2416 et

252 2445 421 2477 inlaclnm
450 2444 595 2488 reliqui,
632 2444 798 2488 qnoniam
827 2443 947 2477 codcoe
974 2443 1077 2477 habet
1104 2445 1289 2483 simei-0505,
1323 2444 1373 2477 ila
1400 2450 1436 2476 nc
1455 2444 1567 2488 prior
1591 2456 1611 2475 o
1635 2443 1752 2488 possit
1772 2442 1890 2487 fuisse
1936 2444 1938 2450 ‘

252 2516 278 2543 e,
307 2516 359 2534 sos
385 2509 498 2536 (ιυῑεηι
524 2508 696 2547 qnmelnm
724 2502 887 2546 equidem
916 2502 1097 2547 dispicere
1114 2503 1225 2547 pomi
1261 2502 1373 2547 ipsius
1394 2502 1540 2546 primae
1565 2512 1691 2536 manus
1717 2501 1773 2537 sit.
1818 2503 1889 2535 tria

251 2562 431 2596 ‹ncz'eclina
466 2562 582 2596 minus
608 2561 815 2605 offendent,
847 2562 881 2594 si
912 2573 1027 2603 graues
1060 2561 1347 2606 interpunctione
1382 2561 1500 2594 arlius
1534 2571 1612 2595 cum
1648 2571 1734 2594 noce
1766 2562 1889 2603 inpetus

252 2621 499 2665 cone‘nngsemr,
542 2622 678 2652 furiosos
707 2626 735 2652 et
764 2619 876 2665 Neap.
905 2621 1035 2652 foenere
1061 2626 1089 2651 et
1117 2619 1287 2665 Madniy,
1324 2621 1471 2652 funebres
1498 2625 1527 2651 ct
1556 2619 1697 2661 Haase,
1731 2619 1815 2653 nixi
1837 2617 1892 2652 illi

251 2680 434 2724 scriplum
455 2680 599 2724 primae
625 2690 752 2712 manns
779 2678 925 2719 codicis.
951 2690 1045 2723 qnae
1070 2678 1173 2724 apud
1197 2678 1405 2713 Fz'clcerlnm
1433 2678 1625 2721 indicatur,
1654 2679 1777 2710 suneres

261 2739 295 2770 123
323 2741 429 2780 flectiq
464 2744 491 2770 et
521 2750 538 2769 a
566 2750 655 2786 cursu
692 2737 724 2781 (q
753 2742 782 2769 et
809 2749 827 2768 a
854 2737 888 2770 in
917 2737 1005 2781 ras.)
1151 2738 1196 2770 20
1224 2739 1350 2769 deform
1378 2739 1386 2768 i
1413 2742 1513 2769 tatem
1540 2738 1563 2779 (i
1591 2737 1625 2770 in
1653 2738 1743 2779 ras.)

251 2799 382 2829 affectus
409 2798 527 2842 *prior
554 2798 566 2828 f
590 2797 699 2839 corr.)
832 2797 870 2829 21
902 2796 1023 2837 sedauit
1155 2798 1258 2828 uultus
1386 2796 1429 2829 24
1457 2796 1520 2827 illis
1550 2794 1774 2830 Gronom'us:
1806 2797 1888 2827 illius

290 2892 301 2899 λ
348 2857 547 2898 compositus
646 2856 690 2888 22⁷»
717 2856 784 2886 siue
814 2853 1038 2888 Gronom'us:
1068 2857 1093 2886 si

1923 383 1942 417 221

1920 1088 1939 1119 (ὁ
