1977 3231
493 129 597 154 DIAL.
614 129 693 155 VIII.
733 129 787 154 AD
808 128 994 155 SERENVM
1017 129 1069 154 DE
1089 128 1196 154 OTIO.
1239 131 1262 156 l.
1284 132 1308 156 2.
1331 130 1358 156 3.
1660 133 1736 172 185

116 225 244 266 nostri
276 225 437 265 dicunt:
475 239 603 278 usque
635 226 689 265 ad
722 225 911 265 ultimum
945 226 1052 265 uitae
1084 225 1209 265 finem
1242 225 1280 264 in
1303 231 1406 281 'actu
1438 225 1610 274 erimus,
1651 240 1734 266 non

117 296 352 336 desinemus
385 296 595 336 communi
627 296 741 336 bono
774 310 947 349 operam
980 297 1101 344 dare,
1133 297 1327 336 adiuuare
1358 296 1563 350 singulOS,
1607 311 1732 351 opem

116 365 221 406 ferre
253 367 375 406 etiam
408 366 578 406 inimicis
609 366 723 406 senili
757 380 890 407 manu.
954 380 1030 406 nos
1062 380 1226 415 sumus,
1269 368 1337 420 qui
1370 367 1488 408 nullis
1521 370 1635 408 annis
1669 382 1739 408 ua-

117 437 323 477 cationem
356 438 504 477 damus
537 443 578 477 et
610 438 725 491 quod
758 438 813 477 ait
845 437 911 477 ille
943 438 1002 478 uir
1034 438 1338 487 disertissimus,

658 511 827 547 canitiem
857 511 970 558 galea
993 512 1208 560 premimus.
1328 519 1339 530 ·
1764 520 1779 544 5

117 591 192 618 nos
234 592 396 627 sumus,
439 579 551 632 apud
593 593 698 632 quos
730 593 943 632 usque-eo
976 579 1073 618 nihil
1105 586 1202 620 ante
1235 585 1416 620 mortem
1451 581 1631 620 otiosum
1666 586 1741 629 est,

117 655 182 698 ut,
224 650 255 688 si
298 664 362 689 res
405 650 579 702 patitur,
623 664 706 690 non
738 651 789 690 sit
821 651 909 703 ipsa
941 663 1054 690 mors
1086 651 1231 690 otiosa.
1294 651 1392 703 quid
1425 651 1546 690 nobis
1579 651 1743 704 Epicuri

117 726 341 772 praecepta
381 721 420 760 in
462 721 557 773 ipsis
591 721 769 760 Zenonis
812 721 1016 775 principiis
1049 720 1255 773 loqueris?
1298 721 1395 773 quin
1428 727 1471 760 tu
1503 721 1611 761 bene
1644 735 1743 774 gna-

116 791 239 839 uiter,
282 792 314 831 si
346 792 525 843 partium
558 791 694 844 piget,
739 791 961 844 transfugis
993 792 1130 844 potius
1164 805 1289 844 quam
1322 793 1491 845 prodis?
1556 792 1637 832 hoc
1669 793 1742 832 tibi

116 862 155 900 in
206 862 441 914 praesentia
492 862 781 914 respondebo:
828 863 1028 914 numquid
1070 863 1130 902 uis
1172 861 1367 915 amplius,
1420 876 1544 916 quam
1588 868 1633 902 ut
1675 876 1743 902 me
1767 871 1796 897 10

116 932 292 973 similem
325 932 498 972 ducibus
532 933 634 972 meis
666 936 904 986 praestem?
937 933 1035 986 quid
1068 946 1171 986 ergo
1204 935 1293 972 est?
1327 947 1411 973 non
1443 947 1527 986 quo
1561 934 1744 988 miserint

117 1016 184 1044 me
216 1003 280 1052 illi,
311 1004 388 1043 sed
419 1017 503 1056 quo
537 1004 743 1049 duxerint,
779 1004 860 1044 ibo.

234 1075 281 1115 II.
335 1074 432 1127 [29⁴]
486 1074 607 1114 Nunc
648 1074 843 1127 probabo
876 1075 948 1115 tibi
981 1088 1063 1114 non
1097 1073 1325 1114 desciscere
1357 1088 1425 1115 me
1457 1061 1493 1115 a¹
1512 1076 1743 1128 praeceptis

116 1144 380 1193 Stoicorum;
433 1159 529 1184 nam
572 1159 624 1184 ne
665 1145 740 1198 ipsi
781 1145 951 1198 quidem
994 1159 1017 1184 a
1059 1146 1140 1185 suis
1183 1146 1466 1194 desciuerunt,
1519 1151 1560 1185 et
1601 1152 1743 1186 tamen

78 1230 80 1233 ·
117 1216 452 1255 excusatissimus
485 1230 633 1264 essem,
666 1217 825 1255 etiamsi
858 1229 943 1255 non
974 1221 1198 1269 praecepta
1229 1216 1392 1256 illorum
1426 1230 1636 1269 sequerer,
1670 1217 1743 1256 sed
1767 1226 1796 1251 ¹5

70 1439 91 1471 (κζ.

68 2215 88 2248 (0

117 1286 322 1340 exempla.
386 1286 468 1326 hoc
511 1287 627 1339 quod
671 1287 764 1326 dico
810 1287 847 1325 in
891 1288 994 1326 duas
1028 1286 1211 1326 diuidam
1244 1293 1407 1340 partes:
1454 1288 1657 1340 primum,
1701 1294 1744 1327 ut

117 1358 247 1411 possit
280 1356 422 1409 aliquis
457 1357 520 1396 uel
553 1371 577 1397 a
607 1358 740 1410 prima
772 1363 910 1397 aetate
942 1357 1284 1410 contemplationi
1317 1359 1500 1398 ueritatis
1532 1364 1669 1398 totum
1700 1372 1744 1398 se

117 1429 293 1476 tradere,
326 1428 529 1467 rationem
563 1429 728 1468 uiuendi
760 1442 958 1480 quaerere
991 1435 1115 1481 atque
1147 1442 1344 1469 exercere
1366 1436 1537 1469 secreto.
1583 1430 1744 1478 deinde,

119 1505 163 1538 ut
203 1499 334 1552 possit
374 1498 457 1538 hoc
499 1499 641 1552 aliquis
683 1500 864 1539 emeritis
906 1500 987 1539 iam
1031 1500 1263 1553 stipendiis,
1306 1500 1554 1553 profligatae
1586 1501 1744 1549 aetatis,

117 1570 202 1609 iure
250 1571 412 1623 optimo
463 1569 596 1609 facere
639 1576 680 1609 et
722 1571 775 1610 ad
818 1570 919 1609 alios
962 1576 1077 1610 actus
1121 1572 1304 1610 animum
1348 1570 1497 1610 referre
1540 1572 1743 1623 uirginum
1763 1578 1826 1604 20>

118 1640 349 1680 Vestalium
383 1653 510 1692 more,
545 1655 651 1693 quae
683 1641 798 1681 annis
831 1642 936 1681 inter
967 1640 1104 1681 officia
1126 1642 1263 1681 diuisis
1287 1642 1448 1682 discunt
1471 1642 1605 1682 facere
1627 1655 1744 1681 sacra

117 1717 159 1750 et
191 1724 286 1750 cum
321 1712 550 1751 didicerunt
581 1711 747 1752 docent.

233 1773 298 1821 ΙΠ.
364 1782 460 1834 [30]
525 1782 622 1822 Hoc
653 1782 804 1822 Stoicis
847 1796 1015 1835 quoque
1047 1782 1210 1836 placere
1243 1784 1487 1832 ostendam,
1534 1797 1617 1824 non
1650 1784 1745 1835 quia

115 1853 212 1892 mihi
244 1852 381 1905 legem
416 1854 593 1893 dixerim
627 1852 723 1892 nihil
757 1859 901 1893 contra
933 1854 1089 1893 dictum
1114 1854 1293 1893 Zenonis
1318 1854 1594 1907 Chrysippiue
1627 1868 1741 1894 com-

115 1923 301 1972 mittere,
344 1924 418 1963 sed
461 1925 555 1976 quia
597 1938 661 1964 res
704 1925 792 1977 ipsa
834 1925 986 1977 patitur
1029 1937 1097 1964 me
1129 1925 1186 1964 ire
1217 1925 1256 1964 in
1288 1924 1450 1964 illorum
1482 1926 1742 1973 sententiam,
1763 1932 1796 1957 25

113 2008 238 2047 quam
270 1994 303 2034 si
335 1995 424 2047 quis
456 2008 622 2048 semper
654 1996 772 2035 unius
805 1997 1010 2048 sequitur,
1052 2008 1135 2034 non
1174 1996 1213 2035 in
1246 1996 1355 2036 curia
1386 1997 1461 2036 sed
1493 1996 1532 2035 in
1564 1995 1743 2036 factione

114 2072 188 2105 est.
231 2067 387 2106 utinam
421 2066 589 2119 quidem
623 2067 703 2106 iam
736 2072 976 2106 tenerentur
1007 2068 1149 2106 omnia
1181 2073 1222 2106 et
1254 2066 1445 2120 inoperta
1475 2080 1523 2106 ac
1554 2066 1744 2106 confessa

114 2137 263 2177 ueritas
297 2143 406 2176 esset
438 2136 619 2189 nihilque
651 2151 705 2176 ex
739 2137 916 2176 decretis
950 2140 1231 2177 mutaremus!
1269 2151 1376 2177 nunc
1407 2138 1624 2178 ueritatem
1649 2151 1741 2177 cum

115 2208 171 2247 eis
213 2208 310 2260 ipsis
341 2208 409 2260 qui
443 2208 597 2247 docent
628 2208 875 2260 quaerimus.
940 2208 1047 2248 duae
1081 2209 1265 2247 maxime
1298 2215 1339 2248 et
1371 2209 1410 2248 in
1441 2208 1520 2248 hac
1551 2222 1595 2248 re
1628 2208 1741 2248 dissi-

113 2280 213 2318 dent
257 2285 416 2326 sectae,
460 2278 760 2330 Epicureorum
804 2286 845 2318 et
887 2278 1150 2327 Stoicorum,
1192 2279 1267 2318 sed
1310 2286 1483 2332 utraque
1524 2280 1577 2319 ad
1611 2280 1741 2319 otium
1762 2289 1795 2315 30

112 2432 131 2463 33
161 2431 299 2462 inimicis
319 2429 535 2465 deteriores:
563 2428 744 2464 ininimicis.
765 2432 792 2472 (s
812 2429 955 2464 uidetur
973 2441 995 2464 a
1014 2440 1110 2464 corr.
1129 2429 1257 2464 addila
1274 2432 1365 2465 esse)
1487 2432 1576 2463 senili
1599 2430 1738 2465 Haase:

111 2502 188 2532 eniti
308 2501 328 2535 6
356 2498 445 2543 aput'
553 2500 573 2529 S
599 2492 709 2543 gnauit
735 2501 769 2534 2¹71
798 2511 868 2535 ras.
1001 2501 1037 2535 lO
1063 2502 1094 2533 in
1119 2502 1278 2543 presentia
1408 2502 1442 2535 12)
1469 2513 1522 2534 me
1546 2503 1590 2533 illi
1610 2500 1737 2546 uulqo:

111 2595 150 2615 ne
176 2583 221 2614 illi
370 2584 409 2617 13
445 2585 626 2625 apreceplis
772 2584 806 2617 ll
840 2585 900 2626 ipsi
928 2582 1144 2618 deteriores:
1176 2585 1252 2626 ipsis
1382 2585 1419 2617 17
1457 2568 1599 2616 ueritatiS

112 2642 156 2675 20
183 2643 326 2674 animum
351 2634 518 2687 Lipsius:
556 2643 683 2674 animos
811 2644 849 2676 21
881 2644 991 2674 diuisis
1018 2641 1235 2677 deteriores:
1274 2644 1381 2675 diuitis
1502 2644 1545 2676 26
1572 2646 1636 2685 quai
1662 2642 1740 2677 cod.

114 2700 221 2734 Gertz
249 2700 398 2735 coniecit
422 2702 594 2744 quoniam,
621 2700 688 2735 secl
713 2700 919 2735 liberiorem
945 2700 1037 2735 hunc
1063 2700 1294 2736 relatiuorum
1324 2712 1429 2737 usum
1451 2701 1521 2736 iam
1547 2702 1674 2736 nolani
1697 2701 1741 2735 de

112 2759 168 2793 ἱνα
188 2761 218 2799 2,
247 2761 302 2801 27,
330 2761 348 2792 2
469 2761 501 2791 in
521 2761 609 2792 curia
628 2759 793 2794 Fickert:
824 2761 938 2791 iniuria
1059 2761 1200 2792 factione
1218 2766 1263 2792 est
1283 2759 1457 2805 Madm‘q:
1487 2762 1631 2793 factiosis

112 2853 157 2886 29
184 2855 322 2895 querim;
448 2855 588 2886 maxime
613 2853 756 2888 Haase:
787 2855 927 2895 maxime
1049 2855 1187 2886 disident
