2008 3221
243 135 296 173 32
610 128 713 155 DIAL.
742 127 779 154 ΙΙ.
805 127 860 152 AD
888 125 1075 151 SERENVM
1103 124 1182 150 NEC
1209 123 1398 149 1N1VR1AM
1421 123 1499 149 NEC

241 229 343 268 alter
375 227 526 279 premit
559 224 705 263 uolnus
738 229 779 262 et
811 228 892 262 stat
924 223 963 261 in
995 222 1140 274 gradu,
1173 221 1275 260 alter
1297 218 1517 273 respiciens
1539 221 1592 259 ad
1615 220 1866 259 clamantem

240 298 440 352 populum
484 294 686 347 significat
729 293 826 332 nihil
868 307 959 332 esse
1003 298 1043 332 et
1086 292 1284 349 intercedi
1323 305 1405 330 non
1446 291 1609 344 patitur.
1671 305 1756 330 non
1794 296 1866 337 est,

242 370 357 421 quod
389 375 507 420 putes
540 378 758 417 magnum,
791 378 875 416 quo
912 364 1182 402 dissidemus:
1239 362 1338 401 illud
1370 376 1454 414 quo
1489 363 1541 401 de
1574 362 1719 413 agitur,
1751 362 1867 413 quod

243 452 369 478 unum
412 438 465 476 ad
508 450 583 475 uos
625 435 819 488 pertinet,
862 441 1035 486 utraque
1080 432 1275 486 exempla
1317 433 1554 481 hortantur,
1598 438 1868 471 contemnere

192 523 206 546 5
243 510 403 549 iniurias
445 515 485 546 et
530 520 633 559 quas
675 507 909 545 iniuriarum
953 505 1122 544 umbras
1166 518 1213 543 ac
1246 504 1500 557 suspiciones
1532 504 1725 551 dixerim,
1769 516 1865 542 con-

243 580 448 626 tumelias,
491 579 545 617 ad
590 590 692 629 quas
736 577 1023 629 despiciendas
1066 589 1149 614 non
1193 576 1378 627 sapiente
1411 589 1518 627 opus
1551 581 1613 614 est
1646 575 1751 622 uiro,
1796 575 1870 613 sed

245 658 405 691 tantum
450 648 721 700 consipiente,
770 647 838 698 qui
888 647 963 685 sibi
1006 646 1136 699 possit
1187 646 1344 685 dicere:
1403 652 1538 685 utrum
1582 647 1732 685 merito
1774 645 1873 685 mihi

245 723 321 761 ista
354 721 546 759 accidunt
580 733 630 758 an
664 719 876 757 inmerito?
919 717 951 757 si
986 718 1147 766 merito,
1181 731 1265 756 non
1299 722 1361 756 est
1385 716 1647 770 contumelia,
1681 717 1872 756 iudicium

247 798 320 831 est.
382 793 412 830 si
447 791 648 837 inmerito,
682 789 735 828 illi
767 790 837 841 qui
869 789 1016 828 iniusta
1048 788 1160 836 facit,
1201 789 1531 828 erubescendum
1566 795 1639 828 est.
1701 794 1743 828 et
1774 788 1874 840 quid

197 880 226 904 ιο
247 870 309 902 est
342 862 441 901 illud
474 861 585 913 quod
621 860 873 900 contumelia
908 860 1076 900 dicitur?
1120 860 1158 898 in
1191 860 1336 912 capitis
1369 860 1449 898 mei
1482 859 1693 899 leuitatem
1717 860 1876 898 iocatus

247 940 309 973 est
353 939 393 972 et
437 933 475 971 in
519 931 736 971 oculorum
781 931 1064 970 ualetudinem
1105 936 1146 970 et
1186 931 1224 969 in
1259 944 1422 970 crurum
1456 931 1730 983 gracilitatem
1764 937 1804 969 et
1837 931 1876 969 in

247 1010 469 1043 staturam:
518 1016 624 1054 quae
658 1002 910 1041 contumelia
942 1008 1016 1050 est,
1049 1003 1164 1054 quod
1198 1008 1371 1055 apparet
1410 1003 1578 1041 audire?
1622 1015 1763 1041 coram
1794 1016 1876 1040 uno

248 1075 400 1126 aliquid
424 1075 580 1113 dictum
615 1074 809 1121 ridemus,
843 1087 985 1112 coram
1018 1073 1203 1126 pluribus
1236 1073 1510 1125 indignamur,
1545 1079 1585 1112 et
1619 1086 1764 1112 eorum
1793 1072 1878 1111 aliis

248 1147 483 1185 libertatem
527 1159 612 1184 non
655 1145 941 1196 relinquimus,
986 1158 1092 1196 quae
1135 1145 1209 1196 ipsi
1252 1145 1288 1183 in
1322 1158 1399 1183 nos
1433 1145 1568 1183 dicere
1601 1145 1878 1183 adsueuimus,

200 1234 230 1257 15
253 1218 352 1256 iocis
385 1216 629 1268 temperatis
663 1216 931 1264 delectamur,
964 1215 1181 1255 inmodicis
1214 1216 1434 1255 irascimur.

370 1287 506 1327 XVII.
562 1285 820 1339 Chrysippus
865 1287 919 1325 ait
952 1287 1163 1338 quendam
1197 1287 1475 1338 indignatum,
1516 1287 1632 1338 quod
1663 1286 1777 1325 illum
1811 1286 1878 1325 ali-

252 1359 340 1411 quis
373 1371 593 1398 ueruecem
627 1358 831 1396 marinum
866 1358 1040 1396 dixerat.
1096 1359 1136 1396 in
1168 1363 1313 1396 senatu
1338 1357 1507 1396 flentem
1532 1358 1709 1396 uidimus
1732 1358 1882 1396 Fidum

255 1429 512 1476 Cornelium,
557 1429 737 1468 Nasonis
771 1427 897 1468 Ouidi
940 1441 1164 1480 generum,
1207 1441 1302 1467 cum
1335 1427 1447 1467 illurn
1481 1427 1667 1467 Corbulo
1700 1428 1881 1467 strutho-

256 1501 461 1540 camelum
506 1499 736 1552 depilatum
782 1499 967 1539 dixisset.
1040 1500 1240 1538 aduersus
1283 1499 1359 1538 alia
1401 1499 1624 1538 maledicta
1663 1512 1801 1538 mores
1844 1505 1884 1537 et

203 1584 236 1609 ρο
256 1574 384 1611 uitam
429 1570 769 1610 conuolnerantia
810 1569 954 1609 frontis
998 1570 1050 1608 illi
1094 1570 1265 1609 firmitas
1308 1570 1509 1617 constitit,
1562 1571 1763 1609 aduersus
1805 1570 1886 1608 hoc

256 1650 341 1682 tam
385 1642 613 1681 absurdum
657 1641 851 1680 lacrimae
883 1641 1174 1694 prociderunt:
1231 1647 1347 1681 tanta
1379 1642 1612 1680 animorum
1646 1641 1887 1680 inbecillitas

258 1720 330 1761 est,
364 1714 432 1752 ubi
472 1714 574 1752 ratio
608 1713 806 1752 discessit.
869 1713 968 1764 quid
1008 1713 1122 1764 quod
1166 1711 1430 1760 offendimur,
1463 1713 1493 1751 si
1526 1713 1616 1764 quis
1649 1725 1888 1751 sermonem

258 1791 446 1824 nostrum
485 1785 678 1832 imitatur,
712 1784 744 1822 si
777 1784 866 1835 quis
900 1784 1117 1831 incessum,
1149 1784 1181 1822 si
1214 1784 1301 1835 quis
1335 1783 1479 1822 uitium
1513 1783 1682 1835 aliquod
1705 1783 1890 1835 corporis

260 1863 328 1895 aut
371 1856 534 1907 linguae
579 1855 799 1908 exprimit?
853 1855 969 1906 quasi
1010 1855 1173 1894 notiora
1206 1854 1270 1893 illa
1302 1854 1402 1894 fiant
1433 1854 1512 1894 alio
1547 1855 1732 1893 imitante
1765 1867 1890 1906 quam

209 1938 242 1963 25
262 1926 383 1965 nobis
429 1926 703 1965 facientibus.¹
743 1932 1001 1965 senectutem
1045 1926 1216 1977 quidam
1261 1926 1373 1964 inuiti
1413 1926 1583 1964 audIunt
1617 1931 1658 1964 et
1691 1939 1817 1964 canos
1852 1931 1893 1964 et

265 1997 341 2035 alia
381 1998 434 2035 ad
479 2011 584 2048 quae
628 2003 731 2036 uoto
774 1997 1024 2049 peruenitur.
1086 1997 1342 2049 paupertatis
1386 1997 1651 2035 maledictum
1684 1997 1892 2048 quosdam

263 2068 457 2120 perussit,
509 2081 634 2119 quam
685 2067 760 2106 sibi
811 2067 963 2107 obiecit
1015 2068 1196 2119 quisquis
1239 2067 1470 2106 abscondit.
1543 2068 1681 2118 itaque
1724 2068 1895 2106 materia

265 2138 545 2190 petulantibus
589 2145 629 2178 et
673 2153 747 2191 per
779 2138 1074 2178 contumeliam
1107 2138 1273 2177 urbanis
1306 2137 1546 2186 detrahitur,
1580 2139 1612 2177 si
1645 2138 1752 2177 ultro
1785 2137 1893 2176 illam

268 2215 309 2247 et
343 2210 454 2261 prior
476 2223 667 2262 occupes.
722 2224 848 2249 nemo
872 2211 996 2249 risum
1020 2210 1211 2262 praebuit
1233 2211 1300 2261 qui
1325 2223 1378 2248 ex
1403 2224 1446 2248 sc
1469 2210 1616 2262 coepit.
1671 2209 1894 2257 Vatinium,

276 2327 281 2358 Ι
315 2327 436 2365 uulnus,
465 2338 495 2358 m
536 2336 605 2359 rec.
633 2336 818 2371 superscr.
845 2329 906 2358 sibi
935 2328 1027 2360 illain
1157 2329 1176 2357 :3
1204 2339 1268 2368 quo
1295 2328 1486 2358 dissidemus
1514 2325 1587 2359 ΕΜ
1617 2327 1704 2368 quod
1731 2322 1894 2356 dissidens

386 2409 394 2441 ἶ
427 2410 624 2450 consipiente
653 2410 855 2445 Rubenius:
886 2411 1106 2451 &inspiciente
1226 2384 1337 2449 Quidsi
1365 2410 1465 2450 possit
1579 2412 1600 2438 δ’
1627 2409 1791 2439 immerito

271 2483 289 2510 ti
317 2480 476 2510 immerito
604 2477 825 2514 erubecsendn
979 2481 1014 2513 14)
1042 2481 1189 2519 leuitate,
1227 2491 1271 2516 m,
1298 2489 1370 2513 ree.
1397 2489 1577 2524 mpcrscr.
1612 2479 1745 2520 planitie
1772 2478 1782 2508 }
1809 2479 1899 2519 ‹lepi-

1878 2544 1890 2560 S

272 2587 401 2626 latione,
430 2585 508 2619 ilem
537 2599 579 2620 m.
609 2597 677 2622 res.
705 2587 739 2620 iu
768 2598 880 2632 marq.
909 2588 1072 2618 leuitatem
1099 2587 1108 2617 l
1137 2587 1368 2629 ‹lepilationein
1514 2586 1549 2618 173
1576 2597 1636 2626 que
1781 2584 1812 2616 li
1844 2572 1900 2615 ad-

273 2658 429 2687 sucuiniua·
565 2657 595 2690 l}
627 2659 768 2690 berbece
905 2659 940 2690 lib
967 2664 993 2689 el
1022 2660 1120 2688 uitam
1149 2657 1309 2702 Lipsius:
1340 2657 1447 2688 ciuilia
1576 2658 1621 2689 ⁴3⁴}
1648 2645 1899 2686 &emulum-antia

413 2727 455 2760 331»
483 2728 613 2768 quidam
634 2727 847 2762 deleriores:
868 2730 966 2770 qdcm
1102 2728 1143 2761 :27
1166 2728 1284 2771 itaque]
1305 2729 1391 2769 atqui
1413 2726 1531 2769 Gertz,
1552 2725 1617 2759 sed
1633 2725 1724 2759 l'llml
1740 2725 1902 2769 folkrlm·

275 2784 325 2817 acl
350 2785 480 2818 crimen
509 2796 558 2818 σω
585 2786 665 2829 ipsa
692 2786 903 2820 (cbscomlz'la
928 2791 1143 2831 paupertate
1175 2787 1208 2820 in
1237 2784 1497 2819 abscondentes
1524 2784 1736 2818 redundans

275 2847 318 2877 {3⁴³
347 2846 429 2886 cepit
458 2843 489 2878 lc.
518 2855 546 2878 e.
575 2846 694 2886 coepit,
722 2856 791 2889 quo
818 2846 914 2878 risus
940 2857 961 2879 a
987 2845 1088 2879 nohis
1114 2846 1200 2890 ipsis
1228 2848 1426 2890 occupatus
1451 2844 1675 2889 siqm'll'calm·

1915 1716 1934 1748 rc
