1977 3231
414 119 517 146 DIAL,
540 118 587 145 VI.
627 118 681 144 AD
706 118 891 145 MARCIAM
915 119 965 144 DE
987 118 1305 146 CONSOLATIONE.
1349 121 1389 147 13.
1414 121 1454 147 14,
1663 123 1741 162 135

123 218 192 270 qui
233 216 370 256 colere
412 216 515 255 deos
558 228 609 253 ne
641 217 768 255 iratos
800 216 968 268 quidem
1002 217 1169 256 destitit.
1233 217 1342 256 idem
1375 222 1515 256 tamen
1550 223 1592 256 ut
1626 218 1743 256 rediit

124 289 310 335 domum,
343 293 384 326 et
417 286 585 339 inpleuit
617 286 759 325 oculos
793 292 833 326 et
866 285 1021 339 aliquas
1045 300 1170 326 uoces
1194 287 1350 326 flebiles
1374 288 1481 327 misit
1504 293 1545 327 et
1567 288 1743 340 peractis

122 372 229 411 quae
271 371 363 397 mos
405 363 492 396 erat
535 362 747 409 praestare
789 356 1012 405 defunctis,
1055 359 1107 396 ad
1149 356 1426 410 Capitolinum
1470 357 1583 397 illum
1626 358 1743 397 rediit

77 433 96 464 :3
123 428 294 468 uoltum.
356 427 504 467 Paulus
537 428 643 466 circa
674 426 764 466 illos
797 427 1036 466 nobilissimi
1068 428 1264 481 triumphi
1297 430 1406 477 dies,
1445 420 1528 481 quo
1561 429 1743 468 uinctum

122 506 218 539 ante
261 512 424 538 currum
459 499 543 549 egit
575 498 749 546 Persen,
793 499 898 537 duos
930 497 1034 537 filios
1066 499 1105 537 in
1137 500 1413 552 adoptionem
1447 500 1573 539 dedit.
1636 513 1742 551 quos
1763 510 1777 533 ὁ

122 570 197 610 sibi
229 576 478 616 seruauerat,
511 568 671 608 extulit.
735 568 876 620 quales
909 574 1094 608 retentos
1126 576 1258 621 putas,
1291 583 1384 609 cum
1417 571 1521 610 inter
1553 583 1738 609 commo-

123 642 245 680 datos
267 639 405 692 Scipio
440 639 605 679 fuisset?
638 653 722 678 non
755 640 841 678 sine
874 644 991 678 motu
1026 653 1200 678 uacuum
1225 640 1337 679 Pauli
1370 655 1532 680 currum
1566 640 1742 693 populus

119 711 337 750 Romanus
367 711 571 763 adspexit.
615 710 878 750 contionatus
911 716 973 749 est
1004 715 1145 749 tamen
1179 717 1219 750 et
1241 712 1325 762 egit
1348 712 1410 750 dis
1432 713 1596 763 gratias,
1628 713 1742 763 quod

120 795 280 834 conpos
322 783 407 820 uoti
449 781 579 821 factus
622 787 755 820 esset:
799 787 1013 833 precatum
1047 782 1154 820 enim
1187 784 1251 829 se',
1295 787 1360 830 ut,
1401 783 1433 821 si
1465 783 1563 834 quid
1595 782 1651 821 ob
1684 783 1740 822 in-

119 858 288 904 gentem
338 853 552 891 uictoriam
602 851 778 890 inuidiae
828 852 1013 890 dandum
1057 858 1187 899 esset,
1236 852 1277 891 id
1319 866 1395 892 suo
1438 854 1575 906 potius
1617 867 1742 905 quam
1766 862 1796 886 10

71 925 92 958 4
118 923 285 976 publico
333 923 488 962 damno
537 921 778 962 solueretur.
843 922 958 961 uides
1008 936 1134 974 quam
1186 937 1342 976 magno
1391 924 1530 963 animo
1579 924 1741 964 tulerit?

119 993 286 1033 orbitati
328 1007 426 1033 suae
468 992 697 1045 gratulatus
739 999 811 1032 est.
876 998 916 1031 et
959 1007 1084 1045 quem
1125 995 1256 1046 magis
1288 1000 1455 1047 poterat
1496 1008 1743 1048 permouere

117 1070 233 1104 tanta
275 1064 477 1115 mutatio?
521 1063 674 1102 solacia
705 1062 826 1102 simul
858 1069 982 1115 atque
1016 1063 1167 1103 auxilia
1198 1065 1390 1117 perdidit.
1452 1061 1536 1104 non
1569 1067 1744 1117 contigit

116 1141 258 1174 tamen
290 1135 451 1173 tristem
485 1133 655 1172 Paulum
691 1133 801 1172 Persi
834 1133 986 1172 uidere.

76 1208 87 1239 l
234 1204 348 1244 XIV.
411 1203 524 1256 Quid
568 1218 675 1243 nunc
717 1211 759 1243 te
803 1218 875 1256 per
917 1205 1229 1245 innumerabilia
1271 1220 1519 1258 magnorum
1563 1208 1743 1246 uirorum
1768 1215 1797 1239 ¹⁵

117 1275 315 1328 exempla
366 1276 517 1314 ducam
570 1281 610 1313 et
663 1288 860 1326 quaeram
915 1276 1107 1323 miseros,
1160 1278 1277 1328 quasi
1326 1291 1409 1316 non
1453 1277 1651 1317 difficilius
1694 1279 1744 1317 sit

115 1347 296 1386 inuenire
345 1345 509 1385 felices?
563 1351 693 1397 quota
741 1346 849 1384 enim
893 1359 1082 1398 quaeque
1126 1348 1276 1386 domus
1318 1362 1447 1401 usque
1488 1349 1542 1388 ad
1585 1350 1744 1388 exitum

116 1417 309 1456 omnibus
341 1416 527 1469 partibus
560 1416 639 1454 suis
672 1417 884 1456 constitit?
924 1417 963 1455 in
995 1430 1076 1468 qua
1108 1432 1190 1457 non
1224 1418 1375 1471 aliquid
1408 1419 1620 1459 turbatum
1654 1421 1743 1459 est?

116 1501 241 1527 unum
274 1487 503 1540 quemlibet
534 1499 688 1526 annum
721 1500 880 1540 occupa
912 1494 953 1528 et
985 1502 1039 1527 ex
1069 1502 1119 1528 eo
1143 1490 1409 1542 magistratus
1432 1491 1532 1530 cita:
1569 1490 1743 1530 Lucium

115 1559 148 1598 si
180 1559 239 1598 uis
270 1558 462 1597 Bibulum
506 1564 547 1596 et
592 1555 635 1596 C.
669 1556 904 1598 Caesarem.
969 1559 1127 1598 uidebis
1169 1560 1274 1600 inter
1305 1561 1487 1613 collegas
1520 1561 1741 1601 inimicissi-
1764 1568 1796 1592 '20

68 1632 87 1665 '2
116 1643 208 1669 mos
241 1629 496 1669 concordem
529 1627 764 1668 fortunam:
801 1628 848 1667 L.
884 1629 1034 1677 Bibuli,
1079 1630 1258 1670 melioris
1290 1645 1416 1684 quam
1449 1631 1628 1672 fortioris
1661 1633 1743 1681 uiri,

115 1701 199 1739 duo
248 1699 369 1739 simul
420 1699 487 1738 filii
530 1698 733 1738 interfecti
775 1706 890 1747 sunt,
934 1700 1154 1753 Aegyptio
1197 1703 1366 1754 quidem
1410 1703 1524 1742 militi
1567 1702 1743 1743 ludibrio

115 1770 263 1817 habiti,
306 1775 350 1809 ut
394 1783 478 1809 non
518 1771 653 1808 minus
685 1770 773 1822 ipsa
805 1770 986 1810 orbitate
1018 1777 1164 1811 auctor
1196 1773 1279 1812 eius
1312 1772 1438 1825 digna
1471 1787 1534 1812 res
1567 1773 1743 1813 lacrimis

115 1848 235 1881 esset.
298 1840 467 1880 Bibulus
515 1846 678 1888 tamen,
733 1841 801 1892 qui
850 1847 942 1881 toto
985 1841 1155 1882 honoris
1197 1844 1258 1882 sui
1299 1857 1408 1883 anno
1451 1844 1507 1883 ob
1549 1844 1742 1884 inuidiam

115 1911 300 1964 collegae
334 1912 448 1951 domi
482 1911 667 1959 latuerat,
700 1917 872 1963 postero
906 1912 972 1951 die
1004 1927 1131 1965 quam
1159 1915 1372 1965 geminum
1395 1914 1514 1955 funus
1537 1916 1740 1954 renuntia·
1764 1922 1796 1947 2⁵

113 1988 203 2022 tum
246 1987 329 2030 est,
376 1983 578 2035 processit
627 1983 680 2021 ad
723 1982 844 2022 solita
887 1983 1045 2035 imperii
1086 1983 1231 2024 officia.
1294 1986 1383 2037 quis
1427 1987 1560 2026 minus
1602 1992 1743 2038 potest

114 2066 239 2106 quam
283 2067 408 2092 unum
453 2054 563 2093 diem
607 2053 771 2094 duobus
803 2053 891 2093 filiis
924 2055 1051 2094 dare?
1094 2061 1181 2095 tam
1215 2057 1296 2096 cito
1329 2056 1553 2096 liberorum
1586 2057 1741 2097 luctum

68 2126 86 2157 ἰδ’
114 2123 262 2171 finiuit,
306 2125 374 2176 qui
417 2124 678 2164 consulatum
718 2139 827 2164 anno
860 2124 1033 2165 luxerat.
1098 2126 1141 2166 C.
1177 2126 1330 2167 Caesar
1361 2141 1455 2167 cum
1487 2128 1741 2167 Britanniam

122 2277 132 2308 l
163 2277 256 2307 rediit
284 2275 390 2311 dett:
421 2277 500 2307 redit
623 2280 642 2309 ἴ.)
671 2278 794 2318 aliqua<
822 2279 915 2319 (quas
941 2278 974 2310 lu
1003 2282 1091 2319 ras.)
1215 2279 1234 2309 33
1262 2280 1353 2310 rediit
1381 2280 1501 2311 uultum
1530 2280 1632 2316 deth:
1664 2282 1739 2311 redii

115 2336 202 2367 uuln‘i
327 2335 346 2367 ἴ)
375 2335 475 2366 incliti
504 2337 587 2375 regis
615 2347 731 2367 nomen
758 2335 862 2369 habe!
889 2335 967 2371 cod.
993 2343 1074 2382 pos!
1094 2340 1218 2375 Persen,
1246 2349 1338 2382 qnae
1365 2343 1542 2384 tamquam
1564 2339 1743 2384 (slosscma

116 2427 248 2462 deleuit
277 2428 454 2463 Gruterus
591 2431 604 2464 Ῑ
632 2432 823 2473 populus-R·
953 2436 974 2460 δ’
1001 2434 1122 2474 aspexit
1261 2406 1309 2464 (iis
1440 2437 1460 2467 9
1487 2446 1624 2476 compos

116 2492 196 2519 esset
232 2487 276 2528 (et
303 2488 337 2521 ’(ἠ
364 2489 452 2530 ras.)
601 2491 645 2523 ll)
679 2491 850 2521 uictoriam
886 2488 1104 2524 deteriores:
1141 2493 1244 2523 uictor
1395 2492 1431 2526 12
1467 2498 1496 2524 et
1522 2505 1615 2535 quem
1651 2493 1742 2531 eod..

118 2545 250 2589 Haase,
277 2558 410 2588 ecquem
438 2547 547 2592 uulfso
663 2550 703 2581 ll}
731 2551 873 2591 perdidit
900 2549 1028 2594 mclqo:
1063 2551 1130 2591 vdit
1261 2550 1296 2583 14
1324 2552 1408 2582 Persi
1436 2550 1599 2596 Lipsius:
1630 2564 1740 2594 persen

117 2606 185 2642 (sen
212 2605 246 2638 in
274 2607 361 2648 ras.)
485 2607 529 2640 1⁴5
556 2609 656 2640 duca.
782 2608 814 2641 Ιῖ
843 2613 941 2650 quota
969 2611 1053 2640 enim
1080 2620 1227 2651 quaeque
1252 2608 1421 2643 Fickert:
1450 2611 1536 2652 quod
1564 2615 1616 2643 eni
1643 2623 1739 2653 queq:

249 2664 285 2697 15
320 2667 480 2697 turbatum
515 2671 559 2697 est
587 2665 738 2711 Madm'q
773 2667 875 2712 siquo
903 2667 1156 2712 inlerroqcmclz’
1184 2678 1254 2712 pro
1281 2673 1452 2702 commate
1479 2674 1565 2713 post
1600 2671 1740 2701 constitit

111 2722 253 2766 posito:
283 2724 443 2755 turbatum
469 2726 509 2756 sit
622 2725 665 2759 24
693 2730 761 2758 toto
788 2727 921 2758 honoris
949 2725 1053 2759 deth:
1083 2732 1129 2758 tot
1155 2728 1288 2758 honoris
1403 2739 1487 2759 anno
1514 2730 1557 2759 ob
1585 2730 1739 2759 inuidiam

116 2779 220 2815 cleta:
250 2793 335 2814 anno
361 2783 485 2816 inuidia
613 2784 657 2818 ‘26
685 2786 762 2826 imp.
790 2785 900 2816 officia
1021 2786 1090 2827 quis
1117 2786 1220 2817 minus
1247 2790 1350 2827 potest
1380 2784 1504 2827 Gertz,
1535 2788 1611 2828 quid
1639 2789 1742 2818 minus

118 2845 242 2882 poterat
271 2838 456 2875 illurelus:
494 2844 570 2884 quid
597 2844 701 2874 minus
728 2848 830 2884 potest
969 2844 1007 2877 :²1
1041 2845 1099 2875 fili<
