1977 3231
85 257 104 265 ‚-

91 1596 110 1626 §t

399 152 502 179 DIAL.
518 152 555 178 X.
595 153 648 178 AD
670 153 874 179 PAVLINVM
899 154 949 179 DE
971 154 1193 180 ssREVlTATE
1213 155 1342 181 VITAE.
1383 157 1425 183 13.
1447 157 1488 182 1-1.
1666 158 1746 198 237

132 254 218 287 est:
265 248 421 299 ingenti
463 248 575 288 mole
607 249 842 289 animalium
877 256 1129 290 exterantur.
1190 252 1316 290 satius
1349 257 1436 291 erat
1468 252 1545 290 ista
1576 251 1614 289 in
1647 250 1748 289 obli-

132 319 297 358 uionem
330 319 398 366 ire,
430 332 481 358 ne
513 320 603 372 quis
635 327 783 373 postea
815 328 965 373 potens
994 322 1170 360 disceret
1199 322 1482 374 inuideretque
1505 322 1561 361 rei
1584 322 1751 360 minime

132 388 347 428 humanae.
429 404 455 429 o
503 397 703 442 quantum
754 391 934 443 caliginis
982 392 1189 431 mentibus
1237 393 1388 432 nostris
1431 393 1556 432 obicit
1598 403 1768 443 magna·

132 459 324 499 felicitas!
380 460 446 500 ille
487 474 531 500 se
573 476 695 514 supra
738 476 873 501 rerum
917 467 1107 501 naturam
1150 476 1240 502 esse
1282 470 1380 503 tunc
1418 464 1614 510 credidit,
1657 475 1750 502 cum

132 536 196 569 tot
239 531 484 570 miserorum
523 532 739 572 hominum
774 538 959 572 cateruas
991 532 1069 571 sub
1103 532 1181 572 alio
1214 533 1330 572 caelo
1363 534 1466 573 natis
1498 533 1629 572 beluis
1662 532 1749 572 obi-
1772 546 1786 567 :1

133 607 265 650 ceret,
310 615 404 641 cum
437 601 592 642 bellum
625 604 729 642 inter
761 608 848 641 tam
881 602 1059 654 disparia
1089 602 1280 642 animalia
1312 604 1615 652 committeret,
1658 617 1751 643 cum

132 672 172 711 in
205 679 431 725 conspectu
462 673 605 726 populi
636 668 817 712 Romani
850 672 1024 711 multum
1064 674 1271 724 sanguinis
1303 673 1493 712 funderet
1527 688 1629 713 mox
1662 674 1753 726 plus

133 743 267 795 ipsum
310 743 483 783 fundere
526 749 768 783 coacturus:
824 749 865 782 at
908 744 1019 782 idem
1061 734 1210 795 postea
1251 743 1538 784 Alexandrina
1582 744 1753 797 perfidia

133 814 334 866 deceptus
365 814 511 853 ultimo
545 815 750 866 mancipio
782 813 1139 853 transfodiendum
1171 827 1216 853 se
1237 815 1438 867 praebuit,
1469 821 1559 855 tum
1584 817 1752 855 demum

133 884 340 924 intellecta
381 885 489 923 inani
530 885 752 924 iactatione
795 885 1054 936 cognominis
1095 886 1167 924 sui.
1249 886 1324 924 sed
1367 892 1410 925 ut
1452 885 1519 925 illo
1562 892 1754 934 reuertar,

133 956 243 994 unde
276 956 445 1003 decessi,
479 962 520 995 et
551 956 590 994 in
623 956 772 995 eadem
806 956 978 995 materia
1006 956 1229 994 ostendam
1252 969 1551 1008 superuacuam
1574 971 1752 1009 quorun-

135 1026 232 1064 dam
273 1025 553 1077 diligentiam:
599 1027 710 1065 idem
744 1026 940 1065 narrabat
972 1025 1187 1065 Metellum
1221 1027 1336 1065 uictis
1369 1027 1408 1065 in
1441 1026 1576 1069 Sicilia
1608 1028 1756 1066 Poenis

132 1096 459 1150 triumphantem
492 1111 617 1136 unum
652 1097 837 1136 omnium
866 1097 1157 1136 Romanorum
1191 1103 1287 1136 ante
1319 1111 1481 1137 currum
1515 1104 1681 1136 centum
1715 1103 1756 1136 et

135 1167 275 1218 uiginti
313 1168 499 1219 captiuos
532 1167 779 1220 elephantos
811 1168 990 1207 duxisse.
1052 1166 1210 1207 Sullam
1243 1167 1433 1207 ultimum
1466 1168 1755 1207 Romanorum

134 1237 354 1289 protulisse
385 1239 639 1290 pomerium,
672 1239 787 1290 quod
819 1251 1046 1290 numquam
1080 1238 1339 1290 prouinciali,
1371 1240 1446 1278 sed
1478 1238 1620 1278 Italico
1653 1252 1755 1291 agro

134 1309 339 1360 adquisito
388 1308 572 1362 proferre
620 1310 746 1348 moris
793 1310 905 1361 apud
955 1309 1147 1361 antiquos
1188 1308 1272 1349 fuit.
1356 1309 1437 1349 hoc
1479 1310 1582 1349 scire
1625 1311 1757 1361 magis

134 1380 328 1431 prodest,
370 1392 495 1431 quam
529 1379 786 1419 Auentinum
831 1385 1020 1418 montem
1055 1386 1175 1419 extra
1206 1381 1439 1432 pomerium
1473 1393 1584 1428 esse,
1617 1387 1660 1419 ut
1692 1380 1758 1419 ille

135 1449 406 1498 adfirmabat,
438 1457 612 1502 propter
643 1450 816 1490 alteram
850 1464 904 1489 ex
938 1450 1099 1489 duabus
1132 1452 1276 1499 causis,
1309 1457 1378 1490 aut
1409 1452 1524 1503 quod
1556 1450 1674 1504 plebs
1707 1464 1758 1490 eo

137 1521 394 1567 secessisset,
438 1527 508 1560 aut
549 1522 665 1573 quod
707 1521 845 1560 Remo
888 1522 1128 1573 auspicante
1170 1521 1239 1560 illo
1283 1521 1377 1561 loco
1421 1535 1519 1561 aues
1561 1535 1645 1560 non
1687 1522 1756 1560 ad-

138 1591 351 1638 dixissent,
384 1590 461 1630 alia
489 1592 684 1644 deinceps
706 1591 1027 1639 innumerabilia,
1059 1605 1166 1643 quae
1188 1598 1258 1631 aut
1280 1593 1394 1644 paria
1415 1598 1509 1631 sunt
1532 1592 1758 1631 mendaciis

137 1667 207 1700 aut
238 1661 410 1700 similia?
462 1674 559 1700 nam
591 1667 635 1700 ut
668 1662 875 1700 concedas
909 1662 1048 1700 omnia
1081 1675 1153 1701 eos
1185 1661 1268 1701 fide
1299 1662 1413 1701 bona
1444 1662 1596 1709 dicere,
1629 1668 1673 1701 ut
1705 1663 1759 1701 ad

137 1733 464 1785 praestationem
507 1731 714 1771 scribant:
759 1737 902 1771 tamen
936 1732 1046 1771 cuius
1078 1732 1155 1771 ista
1188 1746 1348 1771 errores
1381 1733 1593 1772 minuent?
1647 1733 1759 1772 cuius

138 1804 384 1856 cupiditates
432 1804 650 1854 prement?
723 1815 849 1854 quem
892 1801 1130 1850 fortiorem,
1183 1816 1307 1855 quem
1349 1804 1581 1850 iustiorem,
1634 1817 1758 1855 quem

137 1874 413 1913 liberaliorem
456 1872 632 1912 facient?
685 1873 876 1912 dubitare
919 1887 963 1912 se
1003 1873 1164 1912 interim
1198 1873 1406 1912 Fabianus
1438 1880 1580 1913 noster
1611 1874 1759 1921 aiebat,

138 1958 190 1984 an
223 1945 348 1984 satius
381 1950 490 1983 esset
522 1943 640 1982 nullis
672 1944 815 1982 studiis
847 1944 1063 1983 admoueri
1095 1957 1220 1995 quam
1253 1944 1314 1982 his
1347 1943 1539 1996 inplicari.

256 2015 371 2054 XIV.
423 2013 510 2054 Soli
552 2015 737 2054 omnium
781 2015 903 2054 otiosi
945 2021 1039 2054 sunt
1079 2015 1149 2066 qui
1190 2015 1416 2066 sapientiae
1458 2020 1631 2054 uacant:
1685 2014 1760 2053 soli

140 2087 290 2126 uiuunt.
373 2099 450 2125 nec
498 2086 604 2124 enim
651 2099 768 2124 suam
810 2091 972 2124 tantum
1017 2091 1198 2125 aetatem
1240 2085 1348 2124 bene
1390 2091 1579 2124 tuentur:
1636 2086 1761 2124 omne

1779 898 1807 921 Η)

1780 1250 1810 1275 15

1778 1603 1812 1628 20

1779 1955 1812 1981 25

139 2170 288 2197 aeuum
322 2170 397 2195 suo
429 2157 620 2195 adiciunt.
682 2156 882 2208 quidquid
915 2169 1118 2195 annorum
1151 2162 1249 2195 ante
1280 2156 1370 2194 illos
1404 2163 1543 2196 actum
1577 2162 1656 2203 est,
1688 2155 1787 2209 illis¹

139 2228 389 2280 adquisitum
434 2233 507 2268 est.
579 2227 654 2266 nisi
695 2227 958 2277 ingratissimi
1001 2240 1161 2274 sumuS,
1204 2225 1257 2265 illi
1300 2226 1510 2266 clarissimi
1552 2239 1760 2265 sacrarum

142 2403 159 2436 7
194 2404 297 2436 ‚1³.R.
443 2402 462 2435 9
498 2411 584 2434 trans
611 2403 799 2434 fodiendl‘i*
948 2401 985 2434 'll
1025 2403 1159 2435 decessi.
1186 2406 1215 2433 et
1244 2403 1287 2442 (et
1314 2402 1424 2444 corr.)
1554 2402 1590 2434 Γ.)
1626 2402 1762 2433 insicilia

1481 2461 1638 2502 puiuciali

142 2509 189 2551 (in
217 2509 308 2551 ras.)
336 2510 426 2551 penis
559 2508 598 2541 lli
633 2509 715 2550 syllft
741 2509 858 2541 ultimi-i
885 2508 979 2552 (timu
1010 2508 1043 2541 in
1072 2508 1160 2549 ras.)
1296 2508 1337 2541 15
1370 2519 1543 2550 numquam
1570 2509 1625 2540 sed
1653 2508 1762 2539 italico

286 2568 326 2602 1ss
363 2569 404 2599 ad
429 2569 546 2610 quisito
573 2570 630 2611 (ito
657 2568 691 2601 ιή
719 2568 806 2610 ras.)
952 2568 1051 2598 m‹›1·is
1078 2569 1125 2605 (m
1151 2567 1186 2599 in
1213 2569 1303 2604 ras.)
1331 2568 1417 2608 apud
1444 2567 1477 2607 (d
1504 2567 1612 2607 corr.)

1133 2624 1145 2648 s

146 2661 186 2695 17
220 2664 424 2704 pomoerium
458 2661 540 2695 olim
573 2672 685 2695 corr.:
720 2663 907 2704 pompeium
1031 2661 1073 2694 18
1108 2661 1303 2701 adfirmabat
1433 2661 1477 2694 20
1511 2672 1571 2702 qne
1597 2660 1645 2703 (in
1673 2660 1761 2697 ras.)

306 2723 397 2762 paria
433 2720 570 2754 Haase:
607 2722 716 2752 sai-tas
862 2720 1184 2765 inlerpuncliouem
1219 2719 1326 2753 totius
1359 2719 1532 2753 enuntiati
1562 2713 1763 2753 &menclam't

145 2778 263 2813 Gertz.
290 2778 399 2823 παίζω
425 2781 629 2827 addixissent.
657 2780 732 2811 Alia
752 2804 778 2813 ..
806 2780 933 2812 similia.
1056 2779 1093 2811 21
1126 2789 1180 2809 eos
1207 2779 1258 2819 (os
1283 2778 1318 2811 in
1346 2779 1434 2819 νας.)
1572 2778 1615 2812 22
1643 2786 1762 2820 presta-

505 2846 586 2862 culus

143 2875 263 2905 tionem
383 2874 533 2907 minuent.
561 2875 754 2915 cupiditates
883 2872 926 2906 28
961 2877 1024 2905 eut-1
1153 2871 1197 2904 29
1230 2874 1425 2914 acquesitum
1454 2874 1483 2912 (c
1510 2872 1619 2913 corr.)
