1977 3231
72 678 92 710 ἐᾷ

549 149 654 177 DIAL.
669 149 750 176 VIII.
788 150 843 176 AD
864 149 1051 176 SERENVM
1072 150 1125 176 DE
1146 149 1253 176 OTIO.
1293 152 1318 177 8.
1662 156 1734 194 191

120 244 300 293 interest,
332 247 550 298 quomodo
583 247 747 299 sapiens
779 248 833 287 ad
866 247 997 287 otium
1031 247 1183 295 ueniat,
1217 254 1352 287 utrum
1385 248 1482 300 quia
1512 247 1745 300 respublica

120 315 172 355 illi
203 317 334 365 deest,
367 330 418 356 an
451 317 546 369 quia
578 317 666 370 ipse
698 318 972 371 reipublicae?
1024 318 1056 357 si
1089 318 1280 358 omnibus
1303 317 1493 358 defutura
1515 318 1745 372 respublica

119 394 183 426 est
231 390 413 439 (semper
445 394 587 428 autem
621 389 751 429 deerit
784 389 996 429 fastidiose
1028 388 1364 440 quaerentibus):
1411 390 1646 441 interrogo,
1690 390 1743 428 ad

119 471 244 510 quam
287 458 586 511 rempublicam
628 461 791 511 sapiens
833 460 884 499 sit
926 472 1174 498 accessurus.
1237 460 1290 498 ad
1322 459 1662 505 Atheniensium,
1704 460 1743 498 in

119 542 201 581 qua
232 527 426 568 Socrates
460 529 700 578 damnatur,
735 528 1007 577 Aristoteles,
1051 543 1102 568 ne
1135 530 1378 578 damnetur,
1419 529 1549 582 fugit?
1592 530 1630 568 in
1663 539 1776 582 quaf

120 599 317 651 opprimit
357 599 507 639 inuidia
540 600 737 640 uirtutes?
781 599 953 652 negabis
986 599 1084 638 mihi
1116 613 1376 639 accessurum
1411 601 1464 640 ad
1496 600 1604 640 hanc
1636 613 1742 640 rem-

119 669 329 721 publicam
352 671 594 722 sapientem.
639 672 692 710 ad
709 669 1110 723 Carthaginiensium
1134 683 1235 722 ergo
1258 671 1558 723 rempublicam
1581 672 1744 723 sapiens

119 740 312 788 accedet,
355 740 393 778 in
438 754 520 792 qua
562 741 736 780 adsidua
768 741 918 780 seditio
952 746 992 780 et
1025 740 1187 792 optimo
1220 742 1368 793 cuique
1398 740 1545 781 infesta
1575 741 1744 781 libertas

120 816 202 858 est,
245 824 411 850 summa
442 812 561 863 aequi
594 825 642 850 ac
672 811 773 850 boni
806 811 959 859 uilitas,
993 811 1191 851 aduersus
1223 810 1367 851 hostes
1400 811 1623 851 inhumana
1655 825 1742 851 cru-

119 880 278 928 delitas,
311 883 434 921 etiam
467 883 666 921 aduersus
698 896 794 922 suos
827 881 1011 921 hostilis?
1050 888 1091 922 et
1112 882 1220 922 hanc
1243 881 1380 935 fugiet.
1445 884 1476 922 si
1498 895 1744 935 percensere

117 951 299 1003 singulas
328 952 510 1000 uoluero,
543 952 695 992 nullam
719 953 937 1001 inueniam,
960 966 1066 1004 quae
1088 954 1317 1004 sapientem
1341 960 1411 994 aut
1433 966 1558 1006 quam
1581 953 1743 1004 sapiens

119 1022 204 1073 pati
225 1022 368 1075 possit.
401 1023 551 1074 quodsi
573 1037 657 1062 non
680 1024 884 1063 inuenitur
905 1022 971 1063 illa
992 1023 1235 1075 respublica,
1254 1037 1380 1076 quam
1399 1024 1520 1063 nobis
1538 1024 1743 1076 fingimus,

119 1093 257 1145 incipit
289 1093 482 1133 omnibus
515 1107 605 1133 esse
637 1095 768 1134 otium
800 1096 1087 1142 necessarium,
1120 1096 1216 1147 quia
1246 1095 1358 1147 quod
1391 1081 1518 1135 unum
1550 1094 1745 1147 praeferri

118 1169 283 1217 poterat
325 1165 435 1212 otio,
478 1178 681 1216 nusquam
721 1170 793 1204 est.
856 1166 889 1204 si
920 1166 1009 1217 quis
1042 1166 1141 1204 dicit
1175 1167 1380 1218 optimum
1414 1179 1505 1205 esse
1536 1167 1743 1218 nauigare,

118 1235 270 1274 deinde
302 1242 428 1286 negat
460 1235 742 1287 nauigandum
774 1237 814 1275 in
847 1249 897 1275 eo
932 1237 1043 1284 mari,
1076 1237 1116 1275 in
1138 1250 1221 1286 quo
1244 1235 1455 1288 naufragia
1476 1236 1562 1276 fieri
1583 1235 1744 1276 soleant

117 1312 158 1344 et
190 1304 425 1358 frequenter
456 1305 618 1346 subitae
647 1312 924 1359 tempestates
946 1308 1037 1355 sint,
1070 1321 1177 1359 quae
1200 1314 1406 1347 rectorem
1429 1309 1468 1347 in
1491 1308 1742 1347 contrarium

116 1377 300 1428 rapiant:
346 1382 449 1429 puto
492 1376 558 1416 hic
590 1390 658 1416 me
691 1383 804 1417 uetat
837 1391 987 1417 nauem
1031 1377 1214 1426 soluere,
1258 1392 1350 1418 cum
1393 1378 1534 1418 laudet
1576 1379 1741 1429 nauiga-

118 1446 367 1486 ῒίοτιεῐῐῑιῖμ

128 1610 134 1641 l
175 1600 288 1643 res.s>.
410 1613 429 1644 2
456 1601 564 1644 reLl).
662 1613 813 1643 omnibus
839 1612 866 1654 (s
888 1611 971 1656 [ονε
994 1610 1123 1655 deleta)
1221 1613 1366 1644 defutura
1393 1611 1612 1646 deleriores:
1642 1613 1743 1644 sutura

254 1671 367 1714 ress?
490 1681 509 1715 3
537 1683 740 1723 querentibus
837 1683 856 1715 5
885 1684 1054 1714 damnetur
1075 1681 1202 1717 Gerl::
1233 1685 1439 1714 damnaretur
1560 1686 1580 1716 ὅ
1608 1685 1742 1715 accedet

120 1739 337 1774 deteriores:
368 1742 494 1772 accedit
631 1742 750 1783 cuiq;÷÷
786 1741 833 1784 (2'71
862 1744 949 1783 ras.)
1079 1742 1110 1774 ll
1142 1743 1283 1783 singulas
1310 1742 1337 1784 (s
1359 1740 1442 1785 fere
1469 1741 1600 1786 deleta)

127 1798 163 1832 17
190 1811 261 1831 eum
289 1800 397 1831 laudet
427 1798 497 1832 E¹:
527 1811 621 1841 quam
650 1801 756 1831 laudet

1766 890 1797 914 10

1766 1243 1796 1268 15
