2008 3221
259 116 338 155 160
571 110 675 138 DIAL.
691 109 755 135 VII.
795 108 850 134 AD
873 107 1108 134 GALLlONEM
1130 107 1182 132 DE
1202 106 1297 133 VITA
1317 107 1458 136 ΒΕΑΤΑ.
1497 109 1524 136 6.
1545 109 1571 135 ’7.

255 208 504 256 mortalium,
536 207 600 247 cui
632 205 759 245 ullum
789 210 979 258 superest
1000 204 1178 244 hominis
1200 205 1432 256 uestigium,
1464 219 1538 258 per
1561 206 1672 246 diem
1695 213 1884 248 noctem-

255 294 335 332 que
367 279 519 319 titillari
552 277 649 317 uelit
681 283 723 316 et
755 278 923 316 deserto
957 276 1097 315 animo
1130 275 1294 328 corpori
1326 289 1499 328 operam
1534 277 1661 316 dare?

375 350 442 390 VI.
506 347 592 388 Sed
642 348 803 387 animus
845 360 1034 399 quoque,
1085 347 1235 398 inquit,
1284 346 1521 398 uoluptates
1563 347 1736 388 habebit
1779 362 1884 388 suas.

255 421 410 459 habeat
443 432 542 458 sane
574 419 804 470 sedeatque
835 417 1022 456 luxuriae
1055 422 1096 456 et
1128 416 1405 469 uoluptatium
1439 418 1613 465 arbiter,
1656 418 1810 471 inpleat
1842 433 1887 459 se

220 503 234 525 5
255 492 312 530 eis
345 490 550 538 omnibus,
584 502 691 542 quae
722 488 936 528 oblectare
967 501 1111 527 sensus
1140 487 1286 527 solent.
1340 487 1492 527 deinde
1513 489 1737 540 praeterita
1759 490 1884 542 respi-

204 854 235 880 10

207 1209 237 1234 15

202 1563 235 1588 *20

201 1916 234 1941 ‘25

255 564 334 602 ciat
367 568 408 601 et
441 560 702 600 exoletarum
736 559 1012 611 uoluptatium
1047 571 1211 597 memor
1243 557 1403 598 exultet
1435 558 1640 611 prioribus
1661 558 1886 612 futurisque

255 634 335 672 iam
378 633 576 671 inmineat
620 644 667 670 ac
709 644 805 683 spes
850 643 944 669 suas
987 630 1173 677 ordinet,
1217 635 1258 668 et
1291 629 1391 668 dum
1425 642 1576 682 corpus
1607 630 1647 669 in
1680 632 1886 682 praesenti

255 705 399 755 sagina
431 703 547 750 iacet,
582 702 858 753 cogitationes
891 701 945 739 ad
979 699 1113 739 sutura
1145 699 1407 752 praemittat:
1447 699 1529 739 hoc
1561 700 1659 739 mihi
1682 701 1887 742 uidebitur

257 775 464 821 miserior,
507 773 706 825 quoniam
739 771 849 811 mala
881 784 957 823 pro
991 771 1111 809 bonis
1144 770 1283 822 legere
1316 771 1527 810 dementia
1559 777 1631 811 est.
1694 785 1771 812 nec
1802 773 1888 811 sine

257 846 432 885 sanitate
474 844 692 901 quisquam
724 843 872 882 beatus
906 847 968 881 est
1000 855 1076 881 nec
1107 855 1251 889 sanus,
1293 841 1357 880 cui
1389 840 1582 881 obfutura
1612 855 1688 894 pro
1721 843 1888 895 optimis

256 918 519 969 adpetuntur.
557 911 721 960 ‚bea'tus
754 927 855 965 ergo
889 918 951 952 est
979 913 1113 952 iudicii
1137 917 1283 951 rectus.
1335 912 1484 952 beatus
1507 918 1569 952 est
1590 913 1888 964 praesentibus,

256 987 573 1040 qualiacumque
606 990 710 1032 sunt,
745 989 964 1024 contentus
997 984 1236 1035 amicusque
1268 982 1392 1022 rebus
1424 983 1516 1022 suis.
1570 983 1717 1024 beatus
1750 989 1813 1024 est
1844 985 1888 1032 is,

257 1059 319 1097 cui
353 1070 525 1096 omnem
558 1055 748 1095 habitum
781 1069 919 1094 rerum
952 1067 1119 1093 suarum
1153 1054 1259 1094 ratio
1293 1054 1574 1093 commendat.

376 1128 466 1167 VII.
519 1127 679 1166 Vident
712 1132 753 1165 et
785 1126 823 1164 in
857 1125 960 1164 hillis
992 1125 1061 1177 qui
1093 1138 1303 1164 summum
1338 1124 1496 1164 bonum
1520 1125 1730 1178 dixerunt,
1761 1138 1887 1177 quam

257 1199 365 1252 turpi
397 1198 497 1238 illud
528 1197 624 1237 loco
646 1197 869 1250 posuerint.
923 1196 1062 1248 itaque
1084 1201 1241 1247 negant
1262 1208 1389 1248 posse
1410 1194 1669 1247 uoluptatem
1693 1209 1717 1235 a
1738 1196 1889 1235 uirtute

255 1271 393 1309 diduci
437 1274 479 1308 et
520 1269 632 1308 aiunt
665 1276 751 1307 'nec
792 1267 970 1306 honeste
1012 1280 1265 1318 quemquam
1308 1266 1467 1314 uiuere,
1511 1272 1555 1305 ut
1597 1280 1681 1306 non
1713 1267 1889 1307 iucunde

256 1342 384 1388 uiuat,
417 1354 493 1379 nec
526 1339 718 1386 iucunde,
752 1344 796 1378 ut
829 1351 911 1377 non
944 1337 1121 1377 honeste
1155 1351 1335 1390 quoque.
1396 1350 1480 1376 non
1513 1337 1637 1377 uideo
1670 1339 1889 1389 quomodo

255 1413 333 1451 ista
375 1417 462 1450 tam
506 1411 670 1450 diuersa
711 1410 750 1448 in
789 1410 968 1448 eandem
1002 1407 1195 1461 copulam
1229 1408 1491 1447 coniciantur.
1555 1409 1653 1460 quid
1686 1415 1769 1456 est,
1813 1421 1888 1447 oro

255 1496 341 1530 uos,
375 1495 446 1521 cur
477 1481 659 1533 separari
691 1480 885 1532 uoluptas
917 1493 942 1518 a
963 1479 1114 1519 uirtute
1136 1492 1219 1518 non
1242 1479 1401 1531 possit?
1435 1478 1625 1518 uidelicet
1647 1479 1742 1531 quia
1763 1492 1889 1518 omne

256 1554 378 1592 bonis
411 1566 465 1592 ex
499 1553 650 1592 uirtute
682 1552 925 1603 principium
959 1556 1032 1598 est,
1067 1563 1121 1589 ex
1154 1550 1272 1602 huius
1304 1550 1510 1590 radicibus
1544 1550 1668 1590 etiam
1691 1564 1751 1599 ea,
1783 1564 1889 1603 quae

255 1637 332 1663 uos
365 1629 405 1662 et
438 1623 587 1662 amatis
619 1629 661 1662 et
693 1622 899 1675 expetitis,
933 1622 1143 1661 oriuntur?
1206 1622 1281 1660 sed
1313 1621 1346 1660 si
1377 1621 1455 1660 ista
1485 1621 1707 1661 indiscreta
1739 1627 1889 1669 essent,

255 1708 339 1734 non
372 1694 608 1733 uideremus
640 1694 848 1745 quaedam
883 1693 1072 1740 iucunda,
1105 1693 1180 1732 sed
1213 1705 1292 1731 mm
1325 1692 1514 1740 honesta,
1549 1693 1889 1744 quaedam-uero

255 1765 558 1812 honestissima,
591 1765 666 1803 sed
699 1777 856 1817 aspera,
890 1777 964 1816 per
996 1763 1164 1803 dolores
1197 1763 1419 1815 exigenda.
1472 1763 1589 1802 adice
1622 1776 1739 1811 nunc,
1773 1763 1888 1815 quod

256 1836 449 1889 uoluptas
483 1836 607 1875 etiam
641 1835 692 1874 ad
726 1835 853 1874 uitam
887 1834 1168 1887 turpissimam
1202 1835 1324 1881 uenit,
1358 1840 1400 1874 at
1433 1834 1560 1873 uirtus
1583 1834 1736 1873 malam
1760 1834 1888 1873 uitam

255 1921 340 1946 non
383 1907 566 1945 admittit
641 1912 682 1945 et
725 1904 904 1945 infelices
946 1905 1115 1957 quidam
1155 1918 1240 1944 non
1271 1905 1358 1944 sine
1391 1904 1626 1957 uoluptate,
1670 1906 1799 1944 immo
1831 1904 1889 1943 ob

256 1980 389 2030 ipsam
424 1977 683 2029 uoluptatem
716 1983 830 2024 sunt,
874 1977 990 2029 quod
1022 1989 1106 2015 non
1140 1976 1342 2024 eueniret,
1385 1976 1417 2014 si
1449 1977 1589 2015 uirtuti
1621 1989 1666 2015 se
1698 1975 1890 2028 uoluptas

1914 356 1926 388 ’1

1915 919 1934 953 ῖκξ)

256 2049 550 2096 inmiscuisset,
593 2062 676 2100 qua
708 2048 836 2087 uirtus
868 2060 994 2100 saepe
1026 2053 1159 2095 caret,
1192 2060 1421 2099 numquam
1454 2047 1622 2099 indiget.
1675 2047 1775 2099 quid
1807 2047 1887 2087 dis-
1915 2052 1935 2086 3

262 2190 274 2222 1
304 2193 505 2230 noctemq3÷÷
533 2188 615 2232 (fuit
641 2188 714 2230 que)
742 2188 865 2219 titillari
892 2188 916 2230 (i
943 2192 1109 2222 extrema
1135 2187 1170 2221 in
1198 2187 1284 2230 ras.)
1407 2189 1426 2220 2
1452 2189 1527 2219 uelit
1554 2193 1583 2220 et
1602 2186 1681 2224 cod.
1701 2191 1733 2222 ee
1751 2190 1891 2222 ueteres

257 2247 451 2291 editiones,
487 2249 562 2280 uelit
598 2248 728 2281 omisso
763 2252 792 2279 et
820 2246 938 2292 Bz'p.¹,
973 2245 1141 2290 Fickcrl‚
1179 2246 1301 2280 Haase
1469 2246 1488 2280 3
1515 2257 1650 2289 quoqne
1677 2248 1777 2289 inquit
1804 2247 1827 2289 (t
1854 2246 1891 2279 in

257 2310 345 2351 ras.)
466 2307 486 2340 4
514 2309 659 2349 sedeatq;
690 2309 770 2349 (atq3
801 2306 836 2339 in
862 2309 950 2345 ras.)
978 2307 1111 2337 luxurii-⁴
1234 2307 1367 2348 impleat
1489 2306 1508 2339 5
1535 2307 1687 2338 omnibus
1712 2317 1773 2348 que

258 2366 278 2399 7
306 2368 472 2398 immineat
605 2367 774 2408 presentiu-
801 2363 960 2407 (uidetur
987 2376 1001 2395 s
1023 2363 1154 2409 fuisse)
1301 2364 1339 2398 10
1366 2366 1514 2397 obfutura
1541 2363 1617 2399 ΕΗ
1648 2366 1749 2397 sutura

261 2426 299 2459 11
329 2425 495 2468 appetunt*
525 2425 642 2470 (prior
668 2437 688 2467 p
714 2425 749 2459 in
776 2424 864 2466 ras.)
988 2423 1031 2457 12
1058 2425 1248 2465 amicusq;÷÷
1375 2424 1412 2456 13
1439 2435 1571 2456 omnem
1597 2425 1782 2465 habitumq3
1812 2421 1889 2457 cod.

258 2483 354 2518 uude
377 2496 508 2516 omnem
535 2490 650 2516 statum
679 2483 754 2526 (uel
778 2483 941 2526 ordinem)
969 2484 1181 2525 habitumque
1200 2481 1409 2526 effecerunt,
1434 2482 1502 2517 sed
1517 2486 1614 2517 recte
1631 2481 1740 2527 uulqo
1759 2493 1888 2514 omnem

259 2544 409 2575 habitum
524 2543 566 2576 ’14
593 2544 702 2575 uident
730 2541 908 2584 Murelus,
938 2539 1064 2576 Gertz:
1094 2543 1180 2573 uidet
1294 2546 1323 2573 et
1350 2542 1382 2572 in
1407 2542 1493 2573 hillis
1511 2539 1685 2585 ,Madm'qz
1715 2546 1744 2573 et
1771 2542 1803 2572 in
1828 2541 1890 2572 illis

418 2604 563 2634 dixerunt
600 2602 728 2635 Curio:
766 2603 902 2633 dixerint
1068 2601 1107 2634 lt'i
1142 2601 1220 2632 illud
1256 2601 1290 2643 (d
1319 2601 1428 2641 corr.)
1594 2600 1633 2634 16
1670 2601 1780 2632 diduci
1807 2598 1890 2634 Pc'n-

259 2661 406 2695 cianus:
436 2662 553 2693 deduci
678 2662 717 2694 16
746 2665 778 2694 el
810 2660 848 2693 17
877 2661 1014 2691 iucunde
1041 2662 1072 2702 (u
1096 2670 1155 2704 pr.
1183 2659 1219 2693 in
1245 2671 1265 2691 ο
1292 2664 1390 2700 corr.)
1515 2659 1556 2693 18
1584 2661 1643 2690 ista
1669 2664 1737 2691 tam
1764 2660 1890 2691 diuersa

259 2717 444 2764 Muretus:
475 2721 566 2751 ista-x-
595 2720 675 2763 (fuit
701 2723 740 2753 ut
764 2718 910 2753 uidelur
935 2720 1047 2760 istam)
1076 2719 1202 2750 diuersa
1300 2718 1344 2752 22
1372 2719 1510 2750 iucunda
1537 2720 1569 2761 (u
1590 2729 1651 2762 pr.
1678 2718 1714 2752 in
1740 2730 1759 2750 ο
1779 2719 1889 2761 corr.)

401 2780 458 2811 sed
491 2790 555 2810 non
582 2780 718 2810 honesta
745 2777 819 2812 ΕΜ
857 2778 914 2810 sed
940 2779 1075 2809 honesta
1244 2776 1287 2811 23
1322 2779 1550 2810 honestissima
1577 2776 1793 2812 deteriores:
1831 2778 1889 2808 ho-

259 2839 439 2870 nestissime
