1977 3231
61 1602 80 1633 Is:

401 162 695 188 CONTVMELIAM
722 162 918 188 ACCIPERE
945 161 1181 188 SAPIENTEM.
1208 161 1301 189 XVII.
1321 161 1430 188 XVIII.
1677 168 1727 205 33

105 259 316 298 hominem
349 263 493 298 natum
527 264 568 297 et
599 259 653 298 ad
682 259 806 298 risum
830 264 871 298 et
893 259 948 297 ad
970 258 1125 306 odium,
1158 271 1342 298 scurram
1365 257 1488 298 fuisse
1510 265 1731 298 uenustum

105 343 154 369 ac
196 330 382 368 dicacem
425 329 653 368 memoriae
691 330 905 381 proditum
939 334 1012 368 est.
1074 329 1113 368 in
1145 329 1277 381 pedes
1308 343 1406 369 suos
1437 329 1525 382 ipse
1556 328 1733 381 plurima

106 399 272 439 dicebat
304 405 345 438 et
377 399 416 438 in
448 398 588 438 fauces
620 400 817 438 concisas.
869 400 927 438 sic
948 399 1220 447 inimicorum,
1253 413 1358 452 quos
1387 399 1526 452 plures
1547 399 1732 439 habebat

105 483 229 521 quam
273 469 462 517 morbos,
506 475 547 508 et
589 470 628 508 in
671 471 811 522 primis
853 469 1064 509 Ciceronis
1108 469 1384 510 urbanitatem
1424 470 1637 522 effugerat.
1699 471 1731 509 si

105 539 187 579 hoc
217 540 353 592 potuit
376 539 440 579 ille
463 541 611 579 duritia
633 541 725 588 oris,
758 540 827 592 qui
849 540 1031 578 adsiduis
1055 540 1247 579 conuiciis
1279 541 1437 593 pudere
1464 540 1730 588 dedidicerat,
1769 553 1784 577 5

105 624 177 650 cur
218 611 249 650 is
292 624 376 650 non
418 611 572 663 possit,
615 611 683 662 qui
725 611 871 650 studiis
913 610 1150 649 liberalibus
1193 616 1234 649 et
1276 611 1501 663 sapientiae
1535 611 1645 650 cultu
1677 612 1732 651 ad

105 680 284 733 aliquem
346 680 580 733 profectum
632 681 876 733 peruenerit.
939 682 1055 720 adice
1107 681 1223 732 quod
1276 694 1407 732 genus
1456 681 1619 721 ultionis
1671 688 1734 722 est

105 752 262 803 eripere
295 753 342 799 ei,
374 753 444 804 qui
475 751 579 799 fecit,
614 751 746 791 factae
780 751 1056 791 contumeliae
1080 751 1352 805 uoluptatem.
1413 751 1548 791 solent
1571 753 1729 792 dicere:

105 836 131 860 o
173 823 369 861 miserum
412 825 503 861 me!
560 829 682 875 puto,
724 835 808 861 non
840 821 1054 862 intellexit.
1116 823 1225 861 adeo
1268 821 1424 861 fructus
1457 822 1733 862 contumeliae

105 893 144 930 in
182 906 305 931 sensu
345 898 385 932 et
427 893 711 944 indignatione
754 893 945 946 patientis
978 898 1051 932 est.
1092 893 1266 938 ⁴deinde
1298 906 1381 931 non
1414 893 1544 932 deerit
1576 892 1630 932 illi
1661 892 1730 932 ali-
1755 904 1785 928 io

104 963 274 1014 quando
307 976 392 1014 par.
456 963 685 1002 inuenietur
717 964 786 1015 qui
818 969 859 1002 te
891 977 1060 1015 quoque
1094 963 1286 1002 uindicet.

224 1032 377 1072 XVIII.
423 1032 467 1073 C.
503 1031 657 1073 Caesar
689 1034 794 1073 inter
826 1031 977 1073 cetera⁴
996 1034 1110 1082 uitia,
1153 1034 1303 1086 quibus
1335 1033 1601 1082 abundabat,
1634 1048 1731 1073 con-

104 1104 348 1143 tumeliosus
381 1105 484 1144 mira
515 1104 684 1143 libidine
716 1103 926 1143 ferebatur
959 1105 1094 1144 omnis
1126 1104 1263 1156 aliqua
1294 1111 1393 1144 nota
1426 1102 1613 1152 feriendi,
1647 1105 1733 1157 ipse

105 1175 279 1215 materia
319 1175 420 1214 risus
459 1175 782 1226 benignissima:
849 1180 966 1214 tanta
1008 1174 1061 1213 illi
1102 1174 1270 1227 palloris
1311 1175 1511 1214 insaniam
1543 1176 1733 1215 testantis

103 1245 283 1285 foeditas
325 1251 430 1293 erat,
473 1251 589 1284 tanta
629 1244 846 1284 oculorum
890 1246 967 1284 sub
1007 1244 1143 1284 fronte
1176 1245 1268 1284 anili
1300 1244 1516 1284 latentium
1548 1246 1787 1293 toruitas,15

104 1322 221 1355 tanta
263 1316 405 1369 capitis
449 1316 634 1355 destituti
675 1321 717 1354 et
759 1316 1030 1355 emendicatis
1076 1317 1228 1369 capillis
1261 1316 1447 1368 adspersi
1479 1315 1733 1355 deformitas.

106 1387 225 1426 adice
257 1386 474 1426 obsessam
507 1387 604 1426 setis
638 1387 841 1425 ceruicem
875 1393 915 1425 et
938 1386 1167 1426 exilitatem
1191 1400 1354 1425 crurum
1379 1393 1419 1426 et
1441 1386 1733 1426 enormitatem

104 1459 274 1510 pedum.
346 1458 580 1497 inmensum
623 1463 703 1505 est,
757 1457 790 1496 si
832 1456 954 1496 uelim
997 1456 1159 1508 singula
1201 1457 1373 1505 referre,
1429 1470 1504 1510 per
1544 1470 1652 1509 quae
1694 1458 1733 1496 in

109 1534 302 1580 parentes
345 1541 532 1580 auosque
573 1541 671 1567 suos
715 1527 1039 1567 contumeliosus
1072 1527 1161 1575 fuit,
1203 1541 1278 1580 per
1309 1541 1416 1579 quae
1448 1528 1487 1566 in
1520 1528 1734 1567 uniuersos

108 1598 299 1637 ordines:
366 1610 415 1636 ea
472 1596 668 1645 referam,
720 1610 827 1649 quae
867 1597 980 1636 illum
1022 1598 1150 1636 exitio
1198 1598 1415 1637 dederunt.
1498 1598 1733 1638 Asiaticum
1752 1608 1786 1633 ‘20

106 1668 320 1708 Valerium
384 1668 424 1707 in
485 1669 627 1720 primis
685 1668 828 1707 amicis
876 1668 1080 1716 habebat,
1143 1667 1327 1708 ferocem
1372 1669 1505 1708 uirum
1558 1675 1599 1708 et
1661 1669 1732 1707 uix

105 1752 240 1791 aequo
293 1739 431 1778 animo
493 1738 646 1778 alienas
714 1738 986 1778 contumelias
1037 1739 1227 1778 laturum.
1309 1738 1404 1778 huic
1445 1739 1485 1777 in
1528 1739 1730 1787 conuiuio,

103 1810 144 1849 id
175 1816 238 1849 est
269 1810 309 1848 in
341 1810 548 1857 contione,
582 1822 685 1848 uoce
718 1809 958 1857 clarissima,
990 1809 1120 1860 qualis
1152 1810 1191 1848 in
1224 1809 1449 1849 concubitu
1481 1816 1592 1849 esset
1623 1823 1733 1848 uxor

104 1881 201 1928 eius,
233 1880 397 1920 obiecit.
461 1880 502 1919 di
533 1879 644 1928 boni,
676 1879 758 1919 hoc
790 1881 923 1918 uirum
956 1880 1098 1919 audire
1130 1880 1357 1932 principem
1391 1880 1494 1920 scire
1530 1887 1571 1920 et
1600 1889 1731 1932 usque

103 1965 154 1990 eo
187 1951 394 1990 licentiam
426 1951 683 2003 peruenisse,
723 1956 785 1999 ut,
824 1964 909 1990 non
949 1952 1043 1989 dico
1077 1951 1299 1999 consulari,
1337 1964 1422 1990 non
1456 1951 1550 1990 dico
1583 1951 1729 1997 amico,
1751 1962 1782 1985 25

102 2023 177 2061 sed
219 2028 382 2061 tantum
426 2022 576 2060 marito
618 2022 809 2073 princeps
848 2026 889 2060 et
928 2021 1174 2060 adulterium
1214 2035 1336 2060 suum
1375 2027 1513 2061 narret
1545 2027 1587 2060 et
1618 2020 1728 2059 fasti-

104 2232 119 2265 l
148 2236 311 2264 uenustum
342 2232 565 2266 Gronovius:
595 2237 624 2264 et
652 2238 817 2263 uenus-tuin
958 2232 976 2265 5
1005 2233 1141 2263 assiduis
1281 2232 1483 2264 dedidicerat
1510 2230 1725 2266 Pincianus:

99 2303 260 2335 didicerat
389 2305 407 2336 [j
435 2299 516 2334 cui-¹⁵
539 2303 638 2348 (post
664 2314 719 2334 cur
745 2303 832 2344 ras.)
962 2303 976 2335 Γ
1003 2304 1182 2344 peruenerit
1209 2300 1393 2335 Illnretus:
1423 2308 1611 2344 peruenerat

178 2366 223 2386 est
988 2366 1006 2394 ἓ
1206 2370 1220 2385 ‘²

98 2398 228 2429 ultionis
381 2398 399 2428 {l
427 2397 621 2429 conturnelie
778 2397 818 2429 Η)
844 2397 995 2438 patientis
1156 2398 1263 2429 fiderit
1420 2397 1460 2430 12
1487 2397 1525 2431 C,
1553 2400 1586 2430 et
1611 2394 1668 2429 hic
1695 2399 1729 2430 et

98 2455 198 2499 iufra
223 2455 358 2500 scripsi
379 2460 522 2489 secutus
540 2459 779 2500 praeceplum
800 2454 916 2497 Quint.
950 2459 976 2495 1,
1006 2458 1036 2497 ἵ,
1065 2456 1106 2489 28
1135 2458 1169 2489 et
1195 2454 1358 2500 lapidum
1385 2455 1577 2489 suessorum
1605 2459 1726 2488 {melo-

97 2515 248 2555 ritacem,
276 2515 439 2559 quamuis
464 2514 584 2549 codea¹
611 2515 701 2548 mim
728 2514 928 2548 constantia
955 2513 1117 2548 omnibns
1143 2512 1232 2548 locis
1259 2514 1299 2549 G.
1328 2517 1444 2548 teneat
1575 2514 1616 2547 13
1644 2515 1726 2545 mira

96 2586 232 2617 libidine
255 2584 390 2626 Haase,
417 2584 590 2630 lIIadm'gy:
620 2587 812 2617 mirabiliter
968 2585 1006 2617 15»
1034 2582 1149 2625 ῑςάίῑα5
1187 2587 1214 2628 (s
1241 2596 1284 2620 m.
1304 2585 1382 2629 pr.)
1518 2586 1624 2616 anilia
1635 2588 1724 2626 (νας.

97 2645 202 2678 trium
225 2644 309 2688 sere
335 2643 550 2686 litterarmn)
697 2645 732 2677 ln'
759 2645 963 2676 eiiiilacitatis
990 2643 1056 2677 secl
1080 2645 1251 2675 effidicatis
1276 2654 1457 2687 superscr.
1604 2645 1725 2685 aspersi

216 2702 326 2737 uerba
345 2704 695 2742 tanta—deformium,
723 2713 816 2747 quae
836 2701 942 2736 Gertz
961 2713 1000 2736 se
1018 2713 1085 2735 non
1107 2701 1311 2746 itelelleqcre
1329 2702 1534 2747 profitetur,
1562 2702 1660 2745 καίῖς,
1690 2705 1725 2735 ut

96 2761 236 2805 opinor,
268 2761 502 2806 eaeple'cautm·
527 2762 570 2795 iis
596 2772 687 2805 quac
713 2761 944 2795 z‘mcene‘mecm·
971 2760 1015 2794 clu
1041 2761 1137 2795 bren.
1167 2760 1227 2797 ait.
1262 2763 1311 2798 12,
1347 2763 1365 2793 3
1395 2762 1471 2792 ‹hnn
1498 2772 1594 2793 coma
1613 2789 1620 2795 .
1640 2788 1647 2795 .
1668 2762 1723 2792 ‹lc-

97 2821 206 2851 ficiens
231 2821 307 2851 hinc
335 2826 428 2862 atque
455 2821 542 2851 illinc
569 2822 600 2851 in
626 2821 764 2851 frontem
792 2821 984 2861 conpellitur
1117 2820 1156 2852 l?
1183 2822 1258 2860 setis
1387 2821 1605 2851 inor-mitatem

96 2879 139 2911 ‘225
167 2879 199 2909 id
226 2884 270 2909 est
296 2878 457 2923 Lipsius:
489 2880 542 2912 ide
571 2880 667 2923 (post
693 2890 709 2909 e
736 2878 824 2912 lenis
850 2880 936 2916 ras.)
1098 2880 1292 2911 inconcione

1420 2938 1439 2967 :3
