1977 3231
81 261 95 293 1

75 610 95 643 10

71 1040 90 1074 (ι’.)

650 159 754 186 DIAL.
776 160 828 186 111.
867 161 920 186 DE
941 161 1008 186 nm
1030 160 1101 186 Lus.
1124 161 1146 187 1.
1177 161 1218 187 m.
1686 166 1741 203 49

245 255 359 294 XVI.
401 255 518 307 Ergo
560 256 614 294 ad
647 256 939 295 coercitionem
973 257 1195 296 errantium
1228 257 1609 310 sceleratorumque
1642 258 1746 298 irato

125 326 377 378 castigatore
419 338 503 364 non
545 339 650 378 opus
683 331 757 365 est.
819 339 916 365 nam
949 339 1043 365 cum
1076 327 1133 365 ira
1166 326 1362 367 delictum
1395 328 1519 367 animi
1551 329 1620 376 sit,
1662 341 1748 368 non

124 402 293 449 oportet
340 401 514 448 peccata
562 396 770 448 corrigere
810 402 1067 448 peccantem.
1137 397 1237 449 quid
1280 400 1409 450 ergo?
1469 411 1553 437 non
1598 399 1747 437 irascar

121 466 298 507 latroni?
341 467 441 518 quid
473 469 599 518 ergo?
643 480 727 506 non
758 467 909 506 irascar
941 466 1153 507 uenefico?
1196 481 1291 507 non.
1345 482 1479 522 neque
1513 469 1623 508 enirn
1647 468 1746 508 mihi

122 538 291 585 irascor,
335 550 428 576 curn
472 537 717 589 sanguinem
750 537 884 577 mitto.
947 550 1073 577 omne
1104 551 1267 590 poenae
1299 552 1430 590 genus
1461 540 1620 579 remedi
1652 539 1775 579 loco·

122 608 345 647 admoneo.
409 613 453 646 tu
485 607 621 646 adhuc
653 608 693 646 in
714 608 847 661 prima
879 614 998 661 parte
1031 608 1206 648 uersaris
1239 622 1426 648 errorum
1458 623 1536 649 nec
1567 611 1748 662 grauiter

120 678 270 717 laberis
322 678 398 717 sed
440 677 701 730 frequenter:
768 679 1003 731 obiurgatio
1046 685 1111 727 te,
1162 679 1342 731 primum
1385 685 1547 720 secreta
1595 681 1747 720 deinde

119 748 296 802 publica,
329 749 554 788 emendare
585 749 821 801 temptabit.
869 755 913 789 tu
945 749 1108 801 longius
1139 750 1221 789 iarn
1253 750 1511 802 processisti,
1544 764 1669 803 quarn
1703 756 1747 790 ut

118 819 252 871 possis
283 818 420 858 uerbis
462 819 619 859 sanari:
675 817 902 871 ignominia
943 819 1231 860 contineberis.
1294 820 1366 859 tibi
1405 820 1551 860 fortius
1593 821 1746 873 aliquid

119 895 161 928 et
192 889 308 941 quod
339 889 492 928 sentias
524 890 770 929 inurendum
804 896 892 930 est:
938 891 978 929 in
1011 890 1179 930 exilium
1212 896 1253 930 et
1275 890 1370 930 loca
1390 891 1535 943 ignota
1558 892 1743 931 mitteris.

118 959 158 998 in
199 965 242 999 te
284 960 450 999 duriora
492 960 677 999 remedia
718 960 800 999 iam
842 960 975 1000 solida
1006 961 1186 1013 nequitia
1218 953 1453 1001 desiderat:
1511 967 1553 1001 et
1585 962 1746 1001 uincula

117 1029 282 1082 publica
314 1036 355 1069 et
387 1043 526 1069 carcer
557 1030 831 1070 adhibebitur.
885 1031 959 1070 tibi
990 1031 1224 1071 insanabilis
1256 1032 1416 1071 animus
1450 1038 1499 1072 et.
1522 1032 1745 1072 sceleribus

117 1100 273 1140 scelera
314 1106 566 1148 contexens,
610 1106 652 1140 et
692 1101 774 1140 iam
817 1115 901 1141 non
933 1102 1082 1150 causis,
1125 1115 1232 1154 quae
1265 1116 1493 1155 numquam
1526 1103 1638 1142 malo
1672 1104 1743 1142 de-

116 1170 276 1210 futurae
317 1177 429 1219 sunt,
471 1170 692 1224 impelleris,
735 1173 810 1211 sed
854 1172 952 1212 satis
994 1172 1067 1212 tibi
1110 1179 1173 1212 est
1212 1186 1366 1225 magna
1399 1174 1452 1212 ad
1484 1175 1744 1226 peccandum

117 1254 241 1281 causa
270 1255 462 1294 peccare,
494 1242 709 1294 perbibisti
741 1243 966 1294 nequitiam
999 1249 1040 1282 et
1072 1243 1129 1282 ita
1160 1243 1386 1283 uisceribus
1418 1244 1668 1292 inmiscuisti,
1702 1250 1745 1284 ut

116 1312 189 1351 nisi
230 1325 325 1351 cum
367 1312 463 1365 ipsis
506 1312 621 1351 exire
662 1326 747 1351 non
778 1313 930 1365 possit:
987 1312 1086 1353 olim
1119 1314 1244 1353 miser
1276 1314 1382 1353 mori
1414 1314 1593 1366 quaeris,
1635 1315 1744 1354 bene

121 1383 174 1422 de
214 1388 274 1421 te'
298 1382 568 1431 merebimur,
610 1381 843 1422 auferemus
885 1383 958 1422 tibi
1000 1384 1122 1423 istam
1161 1398 1243 1436 qua
1274 1385 1438 1424 uexaris
1470 1385 1670 1425 insaniam
1703 1391 1744 1425 et

114 1466 188 1506 per
229 1459 300 1492 tua
342 1453 555 1504 alienaque
597 1452 786 1492 uolutato
828 1453 1027 1507 supplicia
1069 1454 1111 1494 id
1153 1455 1269 1507 quod
1312 1469 1438 1494 unum
1477 1455 1551 1495 tibi
1582 1456 1742 1496 bonum

117 1529 306 1576 superest
338 1523 752 1575 repraesentabimus,
784 1530 976 1564 mortem.
1019 1538 1147 1576 quare
1178 1526 1328 1564 irascar
1355 1526 1535 1565 cuicum
1558 1527 1743 1566 maxime

114 1595 313 1646 prosum?
366 1593 528 1632 interim
571 1594 777 1645 optimum
820 1595 1126 1634 misericordiae
1169 1609 1300 1647 genus
1339 1602 1402 1635 est
1443 1597 1646 1637 occidere.
1708 1598 1741 1637 si

109 1664 328 1703 intrassem
371 1663 714 1703 ualetudinarium
758 1666 966 1705 exercitus
1016 1672 1060 1705 ut
1109 1666 1242 1705 sciens
1284 1672 1354 1706 aut
1399 1667 1550 1706 domus
1594 1667 1740 1716 diuitis,

108 1747 194 1773 non
225 1734 336 1773 idem
369 1734 640 1786 imperassem
673 1735 865 1775 omnibus
897 1750 971 1789 per
1004 1737 1167 1776 diuersa
1188 1737 1514 1789 aegrotantibus.
1568 1740 1680 1778 uaria
1701 1738 1740 1777 in

108 1810 173 1844 tot
215 1804 361 1843 animis
403 1804 500 1843 uitia
541 1805 664 1844 uideo
708 1811 749 1844 et
789 1807 942 1846 ciuitati
986 1808 1194 1847 curandae
1236 1807 1445 1848 adhibitus
1488 1822 1605 1848 sum:
1662 1823 1740 1862 pro

109 1875 305 1926 cuiusque
337 1875 489 1914 morbo
522 1876 729 1915 medicina
759 1883 992 1928 quaeratur.
1056 1877 1166 1917 hunc
1197 1885 1315 1918 sanet
1337 1879 1598 1927 uerecundia,
1631 1878 1741 1919 hunc

63 1956 74 1989 ξ
108 1945 398 1997 peregrinatio,
430 1944 540 1984 hunc
572 1945 704 1994 dolor,
736 1946 847 1986 hunc
879 1954 1056 1999 egestas,
1089 1947 1200 1987 hunc
1234 1948 1399 1988 ferrum.
1462 1950 1600 2001 itaque
1633 1956 1674 1989 et
1706 1950 1739 1989 si

108 2028 305 2067 peruersa
335 2016 545 2055 induenda
577 2016 835 2068 magistratui
867 2019 993 2058 uestis
1025 2025 1067 2058 et
1099 2020 1374 2059 conuocanda
1405 2019 1575 2059 classico
1598 2021 1738 2060 contio

108 2092 189 2133 est,
237 2087 466 2138 procedam
497 2086 538 2125 in
571 2087 748 2126 tribunal
780 2101 864 2127 non
897 2087 1034 2128 furens
1067 2103 1144 2128 nec
1175 2089 1346 2130 infestus
1379 2091 1455 2130 sed
1487 2090 1602 2130 uoltu
1635 2090 1738 2142 legis

108 2162 149 2196 et
197 2156 263 2195 illa
305 2156 522 2196 sollemnia
563 2157 692 2196 uerba
733 2157 814 2197 leni
856 2160 990 2211 magis
1031 2161 1232 2212 grauique
1275 2174 1401 2213 quam
1445 2162 1591 2200 rabida
1633 2175 1737 2201 uoce

107 2227 337 2280 concipiam
371 2232 412 2266 et
444 2227 511 2278 agi
542 2227 697 2267 iubebo
730 2242 815 2268 non
846 2229 972 2269 iratus
1004 2231 1081 2270 sed
1113 2244 1293 2270 seuerus.
1348 2237 1506 2271 etcum
1532 2232 1735 2272 ceruicem

216 2400 235 2433 4'
263 2401 408 2433 uenefico
443 2402 476 2445 (o
503 2412 553 2436 ex
579 2404 588 2433 i
615 2403 725 2445 corr.)
842 2404 861 2436 ἶ)
888 2415 971 2445 pene
1086 2401 1220 2437 remedi¹
1347 2407 1366 2440 (J'
1393 2411 1425 2438 tu
1452 2406 1500 2448 (ln
1527 2408 1616 2449 ras.)

106 2458 127 2493 S
153 2460 283 2501 publica
311 2457 525 2494 Pincianus:
555 2462 722 2503 publicata
877 2463 916 2496 ⁷12
944 2464 1152 2495 adhibebitur
1178 2463 1249 2497 E'2:
1279 2466 1452 2498 adhibetur
1606 2466 1644 2499 li
1672 2477 1734 2507 qua

105 2519 230 2549 uexaris
256 2517 471 2553 deteriores:
500 2522 567 2561 qua
593 2531 688 2552 nexas
715 2521 840 2552 uexatis
955 2522 995 2555 18
1022 2522 1165 2554 uolutato
1192 2523 1314 2556 nescio
1340 2525 1437 2568 quis:
1466 2525 1632 2566 uoluptate

107 2577 147 2609 21
177 2579 331 2608 exereitus
355 2578 459 2609 sciens
492 2579 537 2620 (ut
562 2580 665 2610 sciens
691 2577 857 2624 Maclm'q)
892 2584 944 2611 aut
977 2582 1102 2612 domini
1135 2582 1243 2612 <linitis
1271 2580 1451 2617 Goerenz:
1489 2585 1678 2615 exercitatus
1705 2589 1734 2614 et

105 2635 208 2666 sciens
234 2640 286 2666 aut
312 2637 427 2667 domus
454 2637 560 2668 diuitis
587 2636 665 2672 cod.
693 2639 818 2669 domini
845 2639 1090 2673 necessarimm
1117 2650 1186 2673 non
1219 2640 1364 2675 ue'delw'
1389 2642 1457 2675 etsi
1489 2642 1736 2676 contruendam*

107 2692 273 2727 uideatur
304 2693 409 2738 Verq.
436 2695 525 2729 Aen.
557 2697 609 2735 12,
637 2698 704 2729 473
731 2698 823 2738 nigra
850 2698 934 2728 uelut
973 2709 1110 2739 magnas
1144 2699 1269 2730 domini
1305 2710 1376 2731 cum
1404 2701 1512 2732 diuitis
1539 2702 1635 2732 aedes
1662 2712 1732 2742 pcr-

105 2751 193 2783 uolat
212 2779 219 2786 .
240 2779 247 2786 .
266 2753 404 2784 hirundo
502 2754 545 2787 ‘27
572 2755 658 2786 uultu
755 2754 967 2789 Pc’nce'anum
990 2757 1217 2791 conicienlem
1237 2759 1323 2790 uoltu
1342 2759 1405 2790 leni
1432 2764 1461 2790 et
1481 2760 1535 2790 illa
1561 2761 1730 2790 sollemnia

105 2811 203 2841 uerba
238 2812 343 2852 magis
374 2813 464 2853 graui
496 2824 593 2854 quam
628 2814 744 2845 rabida
779 2813 953 2857 refutauit
987 2814 1150 2859 Lipsius,
1186 2815 1279 2851 idem
1313 2828 1382 2851 non
1419 2818 1534 2851 minus
1569 2820 1621 2859 agi
1658 2820 1730 2858 (22⁹)

105 2879 208 2912 quam
237 2869 307 2910 lege
334 2870 387 2911 agi
414 2868 487 2903 dice·
511 2870 632 2905 (locuit

1423 2945 1439 2967 -ι

1767 563 1782 578 O

1767 911 1797 936 10

1768 1258 1797 1282 15

1761 1608 1794 1633 20

1759 1954 1791 1979 25
