1977 3231
80 1366 102 1400 m

427 129 528 155 DIAL.
551 129 599 155 Vl.
637 129 692 154 AD
713 128 901 154 MARClAM
923 128 976 153 DE
995 126 1316 154 CONSOLATIONE.
1355 127 1400 153 22.
1420 127 1466 154 23.
1676 131 1754 169 149

132 228 208 268 sibi
260 228 328 266 uni
380 232 640 272 mansuetos,
694 224 886 264 omnibus
935 223 1042 263 feros
1084 223 1279 270 haberet,
1331 223 1530 274 sanguine
1572 221 1756 261 humano

131 298 352 351 pascebat,
405 295 708 335 circumlatrare
760 295 972 334 hominem
1016 301 1057 333 et
1099 295 1179 333 iarn
1222 293 1377 332 laniare
1418 293 1757 345 intemperantius
1786 290 1822 297 ‘'

132 369 337 422 incipiunt.
399 368 498 419 quid
531 366 712 406 faceret?
745 367 776 405 si
809 365 945 404 uiuere
977 364 1112 411 uellet,
1145 359 1318 404 Seianus
1349 364 1562 415 rogandus
1593 369 1692 411 erat,
1724 363 1757 402 si

132 439 249 487 mori,
280 438 372 486 filia,
406 444 578 489 uterque
601 435 890 476 inexorabilis:
927 435 1138 475 constituit
1159 434 1283 473 filiam
1305 433 1454 473 fallere.
1503 447 1599 473 usus
1620 434 1757 485 itaque

132 509 308 557 balineo,
343 508 412 560 [et]
447 522 530 560 quo
563 507 654 559 plus
687 507 830 546 uirium
862 512 1049 558 poneret,
1082 506 1120 543 in
1154 504 1384 544 cubiculum
1412 517 1457 543 se
1479 505 1593 556 quasi
1616 511 1754 556 gusta·
1777 520 1792 543 5

131 586 245 620 turus
274 579 445 619 contulit
468 585 508 617 et
533 578 707 617 dimissis
730 577 865 629 pueris
888 578 1096 628 quaedam
1118 589 1192 628 per
1215 575 1449 623 fenestram,
1483 581 1526 614 ut
1548 575 1758 614 uideretur

131 651 276 697 edisse,
311 648 494 702 proiecit.
556 663 580 688 a
612 662 714 688 cena
746 648 907 695 deinde,
941 647 1056 700 quasi
1088 648 1168 686 iam
1198 647 1296 685 satis
1319 646 1357 684 in
1381 645 1568 685 cubiculo
1593 646 1756 694 edisset,

130 721 337 761 abstinuit.
400 720 531 760 altero
572 733 739 772 quoque
781 719 847 758 die
889 724 930 757 et
971 719 1094 757 tertio
1137 718 1248 756 idem
1292 716 1396 756 fecit.
1457 723 1626 768 quartus
1668 718 1757 769 ipsa

130 791 367 832 infirmitate
409 791 594 843 corporis
638 789 812 829 faciebat
856 789 1060 828 indicium.
1132 787 1363 839 conplexus
1405 787 1543 838 itaque
1585 794 1647 837 te,
1690 801 1754 827 ca-

129 864 307 910 rissima,
351 862 500 913 inquit,
542 860 622 899 filia
664 866 704 899 et
746 860 827 899 hoc
869 872 995 898 unum
1038 865 1130 898 tota
1171 857 1303 897 celata
1346 857 1448 905 uita,
1492 858 1567 896 iter
1610 859 1755 898 mortis
1780 873 1808 897 10

128 935 336 985 ingressus
368 945 459 971 sum
493 939 534 971 et
564 932 646 971 iam
680 931 864 970 medium
897 929 981 969 fere
1012 936 1148 969 teneo.
1200 941 1397 968 reuocare
1429 941 1496 971 me
1527 941 1603 967 nec
1625 929 1755 968 debes

129 1018 207 1044 nec
237 1010 371 1057 potes.
434 1008 559 1054 atque
590 1002 647 1041 ita
678 1002 788 1040 iussit
820 1000 959 1040 lumen
991 1013 1118 1039 omne
1139 999 1348 1051 praecludi
1370 1005 1411 1038 et
1433 1012 1477 1038 se
1499 999 1538 1037 in
1560 999 1755 1038 tenebras

85 1084 103 1091 ’”
124 1074 326 1114 condidit.
389 1073 559 1125 cognito
592 1071 761 1111 consilio
795 1072 879 1111 eius
910 1070 1075 1124 publica
1104 1069 1296 1122 uoluptas
1318 1063 1416 1117 erat,
1449 1061 1563 1121 quod
1587 1083 1609 1109 e
1630 1068 1752 1109 sauci-

128 1145 206 1185 bus
237 1144 567 1184 auidissimorum
601 1143 791 1194 luporum
815 1143 1060 1181 educeretur
1082 1141 1249 1194 praeda.
1301 1145 1563 1180 accusatores
1585 1146 1755 1180 auctore

127 1215 280 1257 Seiano
323 1216 479 1254 adeunt
521 1213 736 1253 consulum
780 1211 1014 1259 tribunalia,
1056 1217 1281 1264 queruntur
1319 1211 1424 1250 mori
1458 1210 1665 1258 Cordum,
1711 1216 1754 1250 ut
1778 1224 1807 1249 15

128 1285 436 1338 interpellarent
473 1284 587 1337 quod
620 1289 867 1336 coegerant,
900 1289 1045 1322 orant:
1094 1283 1202 1321 adeo
1235 1281 1309 1320 illis
1343 1280 1505 1321 Cordus
1537 1281 1755 1320 uidebatur

129 1356 324 1408 effugere.
384 1367 536 1406 magna
569 1368 633 1394 res
665 1361 751 1394 erat
793 1355 832 1393 in
874 1354 1138 1406 quaestione,
1180 1366 1231 1391 an
1275 1352 1420 1392 mortis
1461 1353 1521 1392 ius
1564 1352 1620 1391 rei
1662 1366 1752 1404 per-

128 1430 285 1468 derent.
357 1427 456 1466 dum
500 1425 771 1473 deliberatur,
825 1426 924 1464 dum
967 1429 1229 1463 accusatores
1271 1424 1418 1463 iterurn
1460 1424 1635 1470 adeunt,
1688 1422 1754 1463 ille

128 1512 173 1538 se
215 1497 463 1537 absoluerat.
537 1497 727 1544 uidesne,
770 1495 943 1542 Marcia,
997 1500 1177 1546 quantae
1228 1494 1460 1546 iniquorum
1513 1499 1752 1546 temporum

128 1570 238 1609 uices
271 1582 326 1607 ex
359 1567 571 1620 inopinato
605 1567 823 1618 ingruant?
867 1565 952 1614 fles,
984 1565 1097 1617 quod
1130 1564 1246 1604 alicui
1268 1571 1434 1604 tuorum
1458 1564 1563 1603 mori
1585 1578 1754 1604 necesse
1776 1576 1810 1602 20

129 1639 230 1679 fuit?
272 1652 406 1691 paene
437 1651 519 1677 non
552 1637 673 1676 licuit.

248 1709 398 1749 XXIII.
452 1709 620 1748 Praeter
661 1708 743 1747 hoc
780 1708 895 1759 quod
926 1720 1052 1746 omne
1084 1705 1265 1745 futurum
1298 1706 1500 1745 incertum
1534 1712 1596 1745 est
1628 1713 1669 1745 et
1701 1707 1755 1745 ad

129 1781 336 1821 deteriora
378 1780 548 1826 certius,
592 1777 830 1817 facillimum
873 1778 926 1816 ad
968 1790 1142 1830 superos
1185 1777 1260 1816 iter
1303 1783 1365 1815 est
1407 1775 1551 1815 animis
1585 1777 1667 1816 cito
1701 1776 1754 1815 ab

127 1852 310 1892 humana
352 1850 668 1890 conuersatione
711 1849 897 1889 dimissis,
961 1848 1176 1887 minimum
1220 1847 1327 1886 enirn
1369 1847 1491 1886 faecis
1528 1846 1751 1899 [ponderis]

128 1927 359 1983 traxerunt.
420 1927 644 1973 antequam
688 1920 1016 1960 obdurescerent
1059 1925 1099 1958 et
1131 1918 1250 1958 altius
1282 1924 1444 1958 terrena
1476 1917 1752 1970 conciperent,
1774 1930 1806 1955 25

127 1993 298 2040 liberati,
330 1991 506 2030 leuiores
539 1991 590 2030 ad
624 1991 827 2042 originem
859 2003 977 2029 suam
1010 1988 1199 2029 reuolant
1229 1995 1269 2028 et
1293 1987 1444 2027 facilius
1467 1988 1668 2040 quidquid
1692 1994 1753 2028 est

136 2134 142 2166 1
174 2134 309 2165 haberet
343 2130 561 2166 deteriores:
599 2131 720 2162 habere
864 2130 883 2163 ‘2
912 2134 940 2161 et
967 2130 1032 2160 iarn
1066 2130 1187 2161 laniare
1220 2129 1482 2170 intemperantius
1508 2126 1607 2162 Koch
1641 2129 1751 2169 (etiam

128 2193 159 2224 in
186 2192 240 2223 illo
267 2192 405 2233 imperio
432 2191 532 2222 altum
558 2188 746 2234 Mardum:
781 2190 878 2221 etiam
906 2189 995 2220 illum
1029 2189 1235 2230 imperiatum
1373 2186 1392 2220 3
1419 2187 1445 2218 si
1471 2188 1590 2218 uiueret
1617 2190 1641 2229 (t
1668 2185 1751 2227 del.)

253 2251 277 2281 si
306 2251 388 2281 mori
415 2248 632 2283 deteriores:
661 2249 686 2279 si
714 2256 817 2280 morte
954 2247 973 2280 5
1001 2252 1029 2278 et
1056 2246 1202 2280 induxit
1231 2245 1433 2290 Heusinqer
1565 2244 1585 2278 6
1613 2246 1752 2276 dimissis

129 2308 344 2343 deteriores:
375 2309 482 2339 dimisi
617 2307 630 2340 ἶ
658 2308 792 2338 edisse
914 2307 1050 2348 proiecit
1077 2317 1094 2336 a
1121 2316 1223 2337 coena
1250 2303 1331 2338 olim
1358 2309 1578 2338 correctum:
1608 2305 1751 2346 proiecta

128 2413 230 2434 acena
351 2404 370 2433 Sl
398 2402 584 2443 complexus
719 2401 750 2433 ll
782 2369 880 2432 ettizlnn
1002 2400 1067 2431 sere
1093 2398 1311 2433 deteriores:
1342 2399 1422 2430 serre
1554 2399 1592 2431 13
1619 2399 1752 2439 cognito

128 2460 346 2495 deteriores:
376 2462 486 2501 cogito
604 2459 643 2492 14
670 2464 800 2491 auctore
819 2460 938 2491 Seiano
957 2457 1034 2492 cod.
1055 2459 1176 2489 Seiano
1195 2462 1327 2489 auctore
1344 2456 1452 2502 uulqo
1568 2456 1608 2489 '15
1637 2457 1752 2488 adeunt

128 2519 344 2554 deteriores:
383 2520 499 2551 adeum
633 2523 665 2550 ut
691 2519 930 2560 interpellarent
956 2518 1044 2559 quod
1071 2521 1245 2558 coegerant
1271 2521 1363 2547 orant
1391 2514 1561 2561 Madm'q:
1598 2521 1629 2547 ut
1657 2517 1751 2546 inter-

127 2580 212 2621 pella
238 2580 325 2620 quod
353 2585 527 2620 coegerant
673 2577 707 2610 17
741 2589 781 2608 :m
808 2578 920 2608 mortis
947 2577 992 2608 ius
1019 2577 1064 2607 rei
1091 2576 1259 2616 perderent
1293 2573 1464 2619 Illudm'q:
1502 2586 1542 2606 an
1568 2575 1681 2605 mortis
1708 2575 1750 2605 rei

126 2638 264 2679 pderent
388 2637 428 2670 19
455 2642 594 2678 quantae
620 2635 837 2671 deteriores:
867 2639 985 2677 quanta
1107 2633 1152 2666 20
1183 2635 1269 2665 uices
1296 2632 1515 2667 deteriores:
1552 2634 1634 2665 uires

127 2732 170 2765 ‘23
200 2703 302 2763 certiis
432 2730 476 2764 *24
503 2731 581 2762 fecis
702 2731 854 2772 ponderis
880 2728 1027 2763 induxit
1052 2726 1198 2761 Fickert
1328 2727 1370 2761 25
1398 2707 1644 2759 obdurescerent
1671 2725 1748 2760 cod.

127 2790 324 2821 obducerent
365 2788 494 2834 uulqo,
536 2788 636 2833 quod
677 2787 827 2832 Mcedm'ff
872 2798 951 2822 cum
987 2786 1142 2820 Erasmo
1184 2786 1218 2819 ίη
1262 2787 1499 2818 obducerentur
1541 2784 1747 2820 mutandum

127 2858 203 2882 esse
229 2846 404 2888 censebat,
433 2845 539 2881 Gertz
560 2858 606 2891 p..
629 2849 664 2880 31
698 2846 854 2890 quodam
880 2844 1072 2891 hyperbati
1091 2855 1224 2889 qenere
1250 2848 1405 2878 ecccusat
