2008 3221
781 741 820 783 L.
854 741 1039 784 ANNAEI
1073 739 1292 782 SENECAE

516 840 1102 903 DIALOGORVM
1156 838 1418 901 LIBER
1467 839 1573 902 IX.

891 980 954 1010 AD
982 978 1200 1010 SERENVM

740 1074 793 1108 DE
821 1071 1189 1113 TRANQVILLITATE
1216 1072 1356 1106 ANIMI.

347 1259 374 1295 I.
421 1254 676 1307 {SERENUSJ
740 1254 965 1306 Inquirenti
1008 1253 1108 1292 mihi
1146 1254 1184 1293 in
1218 1266 1286 1292 me
1317 1254 1525 1306 quaedam
1560 1254 1656 1293 uitia
1687 1266 1861 1307 appare-

229 1328 343 1376 bant,
375 1327 557 1374 Seneca,
590 1327 629 1365 in
663 1330 808 1378 aperto
841 1325 999 1378 posita,
1043 1339 1150 1377 quae
1183 1338 1307 1364 manu
1340 1324 1609 1377 prenderem‚
1652 1325 1860 1377 quaedam

230 1398 472 1438 obscuriora
504 1403 545 1436 et
577 1397 617 1436 in
649 1410 824 1444 recessu,
858 1396 1066 1448 quaedam
1100 1409 1184 1434 non
1217 1396 1423 1444 continua,
1456 1396 1531 1435 sed
1564 1409 1619 1434 ex
1642 1394 1863 1435 interuallis

230 1470 466 1517 redeuntia,
508 1481 616 1520 quae
648 1466 713 1507 uel
746 1466 1040 1507 molestissima
1072 1466 1272 1515 dixerim,
1316 1473 1360 1506 ut
1392 1466 1536 1506 hostes
1569 1480 1701 1519 uagos
1734 1473 1775 1507 et
1809 1480 1862 1506 ex

195 1553 210 1576 5
232 1539 518 1581 occasionibus
551 1538 809 1587 adsilientes,
842 1552 917 1590 per
948 1552 1055 1590 quos
1087 1543 1279 1577 neutrum
1313 1537 1427 1586 licet,
1466 1551 1543 1577 nec
1574 1543 1792 1590 tamquam
1824 1539 1863 1577 in

182 1907 213 1932 10

186 2263 214 2287 15

231 1611 343 1665 bello
387 1617 578 1665 paratum
617 1623 708 1650 esse
747 1623 824 1649 nec
855 1615 1073 1662 tamquam
1106 1610 1143 1649 in
1177 1623 1280 1662 pace
1313 1622 1515 1649 securum.
1577 1609 1689 1648 illum
1723 1615 1864 1648 tamen

231 1683 419 1722 habitum
462 1682 501 1721 in
545 1695 613 1721 me
656 1681 842 1721 maxime
885 1680 1155 1733 deprehendo
1200 1679 1346 1735 (square
1385 1681 1493 1720 enim
1526 1694 1610 1720 non
1643 1693 1788 1720 uerum
1820 1686 1865 1719 ut

232 1754 397 1794 medico
430 1753 561 1793 fatear
573 1750 607 1807 ἲ)
640 1766 718 1792 ηεε
748 1752 861 1792 bona
893 1752 975 1791 fide
1006 1752 1227 1792 liberatum
1261 1766 1330 1792 me
1362 1753 1430 1801 eis,
1463 1766 1570 1805 quae
1598 1751 1800 1791 timebam
1825 1757 1866 1791 et

233 1826 420 1872 oderam,
452 1838 528 1864 nec
550 1838 688 1863 rursus
712 1824 958 1863 obnoxium.
1007 1824 1046 1862 in
1068 1830 1178 1863 statu
1202 1830 1246 1863 ut
1268 1837 1352 1863 non
1374 1824 1569 1876 pessimo,
1602 1823 1658 1862 ita
1681 1823 1866 1863 maxime

233 1896 405 1948 querulo
440 1902 481 1934 et
514 1908 684 1934 moroso
716 1895 876 1947 positus
909 1908 1026 1933 sum:
1062 1908 1138 1934 nec
1171 1900 1347 1946 aegroto
1379 1908 1456 1934 nec
1488 1893 1608 1934 ualeo
1673 1908 1757 1934 non
1790 1899 1863 1941 est,
1893 1903 1910 1933 ε’

233 1966 348 2019 quod
392 1967 504 2006 dicas
547 1966 732 2005 omnium
778 1966 974 2005 uirtutum
1007 1971 1150 2005 tenera
1184 1979 1275 2005 esse
1307 1966 1525 2018 principia,
1568 1971 1760 2018 tempore
1791 1965 1866 2004 illis

235 2039 527 2077 duramentum
562 2043 602 2076 et
635 2037 763 2076 robur
794 2038 1005 2077 accedere.
1049 2050 1131 2076 non
1165 2038 1313 2089 ignoro
1347 2037 1472 2076 etiam
1495 2050 1602 2089 quae
1624 2037 1663 2075 in
1685 2036 1865 2089 speciem

234 2108 447 2156 laborant,
491 2108 737 2160 dignitatem
782 2108 876 2147 dico
921 2114 961 2147 et
1005 2107 1266 2161 eloquentiae
1308 2107 1462 2147 famam
1507 2114 1547 2147 et
1579 2108 1780 2160 quidquid
1813 2107 1866 2146 ad

235 2179 412 2219 alienum
445 2179 687 2231 suffragium
721 2180 849 2227 uenit,
884 2192 1002 2218 mora
1034 2178 1337 2220 conualescere.
1399 2185 1441 2218 et
1472 2192 1578 2231 quae
1610 2191 1730 2218 ueras
1762 2178 1867 2217 uires

235 2258 382 2303 parant
416 2256 456 2290 et
489 2264 595 2303 quae
628 2251 681 2289 ad
713 2249 964 2303 placendum
997 2250 1091 2290 fuco
1124 2251 1309 2303 quodam
1349 2250 1598 2298 subornant,
1641 2254 1868 2302 expectant

236 2335 378 2370 annos,
411 2322 548 2361 donec
579 2321 779 2374 paulatim
813 2321 997 2361 colorem
1031 2322 1278 2361 diuturnitas
1312 2322 1446 2361 ducat.
1496 2321 1572 2360 sed
1605 2334 1685 2373 ego
1710 2333 1868 2367 uereor,

236 2407 287 2432 ne
331 2393 615 2440 consuetudo,
654 2406 761 2445 quae
802 2392 927 2432 rebus
970 2392 1105 2432 adfert
1138 2394 1437 2441 constantiam,
1479 2392 1562 2431 hoc
1594 2392 1735 2431 uitium
1769 2390 1867 2430 mihi

239 2582 258 2614 2
287 2581 411 2613 Seneca
441 2580 664 2614 Grmtom'us:
703 2585 802 2612 reteta
829 2581 877 2621 (in
904 2590 989 2620 ras„
1016 2591 1030 2610 r
1052 2578 1125 2624 [υἷϊ
1150 2582 1178 2620 s)
1314 2583 1435 2622 c'lmanu
1463 2584 1499 2621 (ἦ
1525 2581 1634 2621 corr.)
1756 2579 1775 2612 ὃ
1811 2580 1868 2611 ad-

237 2648 368 2694 silientiS
491 2662 509 2696 Τ
538 2663 712 2705 (ἱεῇὴεηάο
834 2662 855 2697 8
883 2674 934 2694 me
961 2661 1105 2696 addidit
1132 2660 1283 2707 llffadm'q
1405 2664 1449 2695 eis
1485 2674 1567 2705 quac
1593 2661 1722 2707 vevelqo:
1760 2663 1868 2705 eisque

237 2722 335 2755 inilia
362 2732 509 2759 uersum
548 2726 631 2755 (mle
657 2721 797 2766 aliquid
821 2732 974 2762 erasum,
997 2720 1160 2765 fortasse
1187 2724 1231 2759 m)
1384 2722 1421 2754 10
1455 2723 1576 2763 positus
1611 2722 1705 2764 (ante
1731 2720 1870 2765 aliquid

237 2782 393 2818 erasnm)
517 2792 574 2812 nec
608 2785 743 2822 avgroto
770 2780 900 2826 uulqo:
940 2793 991 2812 me
1025 2786 1138 2823 egroto
1268 2780 1303 2813 113
1339 2782 1491 2822 quicquid
1621 2780 1656 2813 15
1692 2781 1865 2812 subornant

240 2840 368 2874 Gerlz:
400 2843 611 2871 subornantur

1896 1258 1902 1290 1

1891 1612 1911 1646 Na
