2008 3221
230 861 235 883 1
243 860 257 882 (Ἰ

222 1572 254 1595 20

286 120 365 158 112
737 112 840 138 DJAL.
863 112 897 137 v.
939 112 990 147 DE
1014 112 1080 137 1RA
1105 111 1176 137 Lm.
1199 111 1250 137 111.
1290 93 1333 138 ai.
1355 112 1397 138 32.
1419 113 1464 138 33.

279 212 468 252 inuidiae.
540 215 656 249 tanta
708 216 850 249 tamen
903 209 1176 262 inportunitas
1228 207 1445 248 hominum
1497 214 1581 257 est,
1632 214 1677 248 ut
1723 210 1913 262 quamuis

282 283 457 322 multum
490 281 742 333 acceperint,
786 281 954 320 iniuriae
985 279 1081 319 loco
1113 280 1164 319 sit
1196 279 1287 333 plus
1319 279 1506 333 accipere
1537 280 1734 333 potuisse.
1797 281 1912 320 dedit

282 353 378 393 mihi
432 358 695 405 praeturam:
753 352 829 391 sed
882 350 1143 391 consulatum
1187 364 1464 403 speraueram.
1527 351 1644 390 dedit
1688 351 1912 390 duodecim
1938 366 1958 398 ρ

281 423 436 463 fasces:
473 424 549 462 sed
581 436 667 462 non
699 421 795 462 fecit
827 422 1078 462 ordinarium
1112 421 1337 461 consulem.
1390 436 1414 461 a
1446 435 1514 461 me
1545 422 1753 461 numerari
1784 421 1914 461 uoluit

279 508 457 534 annum:
505 493 577 533 sed
621 493 739 533 deest
783 493 880 533 mihi
923 494 978 533 ad
1011 494 1302 532 sacerdotium.
1365 498 1589 546 cooptatus
1620 493 1660 532 in
1692 491 1910 544 collegium

279 580 395 606 sum:
454 566 529 605 sed
579 579 649 604 cur
689 565 729 604 in
772 567 927 604 unum?
980 565 1286 604 consummauit
1329 564 1574 616 dignitatem
1618 577 1781 603 meam:
1837 564 1913 603 sed

278 637 531 690 patrimonio
564 635 660 676 nihil
694 635 878 676 contulit.
933 649 982 675 ea
1015 636 1132 675 dedit
1165 635 1265 675 mihi
1296 648 1402 687 quae
1435 634 1620 674 debebat
1652 634 1768 674 alicui
1801 635 1913 675 dare.

280 709 333 747 de
373 721 449 747 suo
492 706 589 746 nihil
621 706 804 759 protulit.
867 719 947 757 age
978 706 1116 759 potius
1150 707 1304 758 gratias
1335 719 1412 759 pro
1446 705 1527 753 his,
1569 719 1675 757 quae
1707 706 1912 758 accepisti.
1939 721 1958 749 :3

279 779 434 831 reliqua
466 784 646 831 expecta
679 784 721 817 et
753 778 941 817 nondum
975 777 1142 829 plenum
1167 791 1258 816 esse
1281 783 1323 816 te
1345 777 1494 829 gaude.
1549 777 1654 816 inter
1675 775 1913 828 uoluptates

280 856 341 889 est
390 863 607 902 superesse
649 850 763 901 quod
806 862 958 901 speres.
1033 862 1180 888 omnes
1224 849 1377 888 uicisti:
1434 848 1614 900 primum
1658 860 1749 886 esse
1790 853 1832 886 te
1873 847 1913 886 in

278 922 417 960 animo
461 921 579 960 amici
623 920 679 960 tui
722 919 887 959 laetare.
961 918 1078 959 multi
1120 926 1163 959 te
1213 920 1403 959 uincunt:
1461 919 1700 966 considera,
1752 925 1912 970 quanto

279 993 503 1031 antecedas
536 991 674 1044 plures
707 1005 832 1044 quam
866 990 1060 1043 sequaris.
1125 991 1239 1043 quod
1273 990 1324 1030 sit
1355 991 1395 1029 in
1427 997 1470 1030 te
1502 990 1646 1030 uitium
1681 990 1913 1029 maximum

278 1064 465 1116 quaeris?
518 1062 663 1117 falsas·
684 1062 866 1102 rationes
898 1061 1092 1101 conficis:
1142 1062 1241 1102 data
1274 1075 1430 1114 magno
1463 1068 1696 1109 aestumas,
1740 1067 1915 1113 accepta

277 1149 422 1188 paruo.

396 1205 572 1245 XXXII.
626 1204 756 1244 Aliud
799 1205 838 1244 in
881 1203 961 1243 alio
1005 1217 1082 1243 nos
1125 1204 1360 1244 deterreat:
1410 1203 1659 1255 quibusdam
1692 1203 1913 1243 timeamus

277 1277 405 1325 irasci,
437 1275 687 1329 quibusdam
721 1289 950 1323 uereamur,
983 1275 1235 1327 quibusdam
1268 1274 1537 1315 fastidiamus.
1592 1288 1788 1327 magnam
1823 1288 1910 1314 rem

277 1349 364 1388 sine
396 1347 524 1387 dubio
548 1346 778 1395 fecerimus,
810 1347 843 1386 si
871 1346 1080 1386 seruolum
1104 1345 1308 1385 infelicem
1330 1347 1370 1385 in
1393 1346 1647 1397 ergastulum
1672 1346 1912 1385 miserimus.

277 1420 373 1472 quid
418 1431 693 1471 properamus
725 1417 946 1457 uerberare
979 1419 1144 1465 statim,
1183 1431 1306 1478 crura
1336 1418 1526 1470 protinus
1558 1416 1776 1469 frangere?
1829 1430 1913 1461 non

277 1490 427 1543 peribit
459 1495 649 1542 potestas
682 1489 769 1537 ista,
803 1489 835 1528 si
869 1488 1092 1528 differetur.
1144 1489 1231 1527 sine
1264 1489 1306 1527 id
1340 1494 1507 1540 tempus
1540 1488 1690 1536 ueniat,
1723 1501 1806 1540 quo
1835 1488 1909 1540 ipsi
1939 1498 1944 1508 ¹

275 1561 516 1600 iubeamus:
554 1574 662 1599 nunc
695 1574 749 1599 ex
782 1561 958 1612 imperio
994 1561 1078 1599 irae
1111 1559 1328 1612 loquimur.
1392 1573 1486 1598 cum
1520 1558 1587 1598 illa
1619 1558 1780 1607 abierit,
1813 1565 1912 1599 tunc

275 1631 519 1679 uidebimus,
552 1638 710 1683 quanto
743 1631 821 1671 ista
852 1630 899 1670 lis
933 1632 1210 1670 aestumanda
1242 1631 1293 1670 sit
1363 1631 1402 1670 in
1434 1630 1516 1670 hoc
1549 1631 1657 1670 enim
1691 1630 1911 1682 praecipue

275 1702 474 1742 fallimur:
522 1703 576 1742 ad
619 1702 771 1742 ferrum
814 1704 1022 1750 uenimus,
1067 1703 1119 1741 ad
1162 1701 1350 1754 capitalia
1390 1700 1611 1754 supplicia,
1655 1707 1697 1741 et
1730 1700 1911 1749 uinculis,

275 1787 460 1822 carcere,
526 1773 635 1813 fame
688 1774 944 1813 uindicamus
997 1787 1084 1812 rem
1139 1773 1429 1825 castigandam
1485 1772 1624 1825 flagris
1676 1772 1909 1812 leuioribus.

275 1845 518 1896 quomodo,
560 1844 709 1896 inquis,
748 1858 825 1883 nos
857 1844 973 1884 iubes
1006 1845 1171 1892 intueri,
1204 1857 1330 1896 quam
1365 1843 1526 1891 omnia,
1558 1857 1633 1897 per
1662 1844 1771 1895 'quae
1801 1843 1911 1883 laedi
1936 1854 1954 1885 S

222 1927 254 1949 κῆ
277 1916 512 1962 uideamur,
556 1917 730 1967 exigua,
773 1917 944 1963 misera,
987 1914 1155 1968 puerilia
1197 1915 1303 1955 sint?
1366 1928 1448 1967 ego
1491 1928 1592 1954 uero
1635 1914 1732 1954 nihil
1775 1916 1910 1966 magis

275 1988 471 2026 suaserim
516 2000 641 2038 quam
686 2000 851 2026 sumere
895 1988 1108 2038 ingentem
1141 1987 1324 2026 animum
1359 1992 1401 2026 et
1432 1985 1557 2034 haec,
1600 1992 1772 2038 propter
1804 1999 1911 2038 quae

276 2057 506 2109 litigamus,
540 2058 825 2105 discurrimus,
859 2057 1113 2106 anhelamus,
1148 2058 1290 2097 uidere
1321 2070 1441 2110 quam
1475 2055 1644 2096 humilia
1675 2063 1716 2096 et
1748 2057 1911 2096 abiecta

276 2129 375 2176 sint,
409 2127 502 2166 nulli
537 2129 607 2180 qui
641 2127 770 2168 altum
804 2128 1005 2180 quiddam
1038 2135 1110 2168 aut
1144 2127 1412 2179 magnificum
1446 2129 1608 2179 cogitat
1640 2128 1908 2180 respicienda.

394 2198 587 2238 XXXIII.
645 2197 762 2238 Circa
794 2199 1012 2251 pecuniam
1053 2198 1276 2251 plurimum
1320 2197 1630 2238 uociferationis
1673 2204 1757 2238 est:
1806 2198 1910 2237 haec

277 2376 296 2406 f»
330 2380 500 2417 cooptatus
535 2375 568 2417 (o
595 2374 712 2409 altera
740 2378 850 2410 corr.)
987 2376 1025 2408 12
1060 2377 1100 2406 sit
1133 2376 1163 2406 in
1197 2380 1227 2406 te
1263 2385 1353 2408 meus
1379 2374 1620 2409 deteriorum:
1658 2375 1783 2406 sitiente

281 2435 320 2467 13
348 2438 487 2466 estumas
520 2434 584 2475 (eat=
610 2445 628 2464 u
651 2433 756 2477 faclcc
785 2436 806 2476 i)
939 2434 981 2467 15
1017 2435 1115 2465 Aliud
1151 2435 1186 2476 (d
1213 2444 1263 2468 ea?
1290 2438 1299 2465 t
1326 2436 1437 2470 corr.)
1579 2433 1615 2466 17
1642 2433 1828 2465 siseruulum
1857 2438 1908 2475 (uu

276 2494 385 2536 corr.)
517 2495 547 2524 iu
575 2494 769 2535 ergastulum
797 2494 899 2538 (post
927 2495 957 2524 in
985 2494 1071 2535 ras.)
1209 2492 1253 2526 20
1279 2491 1586 2537 loquiumr0B2'pst:
1616 2493 1783 2534 loquemur

276 2552 316 2586 21
348 2554 536 2593 estumanda
564 2554 597 2593 (u
624 2552 656 2585 in
687 2554 694 2583 ἰ
722 2553 820 2593 mul.)
945 2554 989 2585 2⁸.)
1017 2553 1058 2583 ad
1086 2553 1240 2593 capitalia
1269 2552 1304 2589 (d
1333 2552 1443 2586 corr.)
1559 2550 1603 2584 24
1630 2553 1800 2593 quomodo
1828 2579 1834 2586 ,

277 2624 335 2643 nos
364 2613 451 2643 iubes·
479 2613 590 2643 intueri
611 2640 617 2645 .
638 2639 644 2645 .
666 2614 696 2645 ,Ρ
720 2610 804 2655 fere
829 2611 1054 2655 siqnificant:
1084 2611 1148 2655 qui
1167 2610 1253 2654 fieri
1274 2614 1472 2655 μυίας-ἱραί
1498 2620 1564 2643 nos
1590 2609 1713 2644 iubeas
1741 2610 1908 2651 e'nlm’l·i?,

277 2675 316 2704 ul
335 2670 379 2705 {le
396 2670 452 2704 ira
471 2673 501 2713 2,
522 2673 577 2711 31,
602 2673 620 2704 3
648 2672 814 2713 quomodo
839 2682 928 2713 ergo,
956 2671 1067 2712 inquit,
1096 2670 1300 2701 inimicorum
1329 2681 1387 2701 nos
1408 2670 1540 2701 iniuriae
1559 2671 1709 2701 mouent?
1738 2679 1816 2714 epp.
1838 2673 1868 2709 5,
1889 2671 1905 2701 ''a‘'

277 2731 443 2773 quomodo
472 2731 531 2761 ista
564 2734 629 2761 tam
658 2731 785 2761 diuersa
819 2731 938 2771 pariter
964 2731 1059 2761 eunt?
1101 2732 1133 2763 el
1161 2728 1279 2770 Quint.
1311 2731 1339 2771 1,
1371 2732 1422 2769 10,
1451 2730 1494 2762 33
1529 2729 1696 2770 quomodo
1732 2740 1796 2759 non
1822 2729 1907 2760 hanc

277 2801 404 2832 quoque
439 2794 539 2820 artem
575 2790 790 2820 necessariam
827 2801 895 2821 ess-e
921 2790 1011 2831 operi
1041 2792 1150 2819 nostro
1178 2788 1227 2819 uel
1255 2789 1353 2829 iniqui
1381 2788 1602 2819 consentient?
1654 2791 1808 2821 celerum
1845 2786 1907 2820 ad-

279 2847 421 2882 modum
453 2847 591 2894 placuit
625 2847 724 2893 quod
759 2847 882 2882 Haase
913 2847 1105 2893 proposuit
1140 2848 1271 2890 intueri,
1314 2852 1477 2890 tamquam
1513 2847 1625 2878 omnia
