2008 3221
251 126 331 166 148
573 123 675 148 DIAL.
698 123 745 148 Vl.
788 122 840 147 Ar)
863 121 1051 148 MARCIAM
1075 121 1126 146 DE
1147 120 1469 148 CONSOLATIONE.
1508 123 1553 149 22.

247 221 435 267 euadere,
471 227 514 259 ut
546 220 598 259 ad
632 225 892 259 senectutem
922 218 1122 258 inlaesum
1145 218 1345 271 perferret
1366 218 1527 259 formae
1550 219 1704 258 decus?
1738 218 1877 270 cogita

247 292 370 332 animi
403 291 513 330 mille
545 290 670 329 labes.
724 303 860 342 neque
893 291 1000 329 enim
1024 296 1138 329 recta
1160 290 1324 341 ingenia
1345 289 1511 342 qualem
1534 290 1573 328 in
1596 289 1877 329 adulescentia

247 377 364 415 spem
408 362 468 401 sui
511 361 693 401 fecerant
734 374 867 413 ,usque
910 361 948 400 in
991 366 1250 400 senectutem
1283 374 1450 413 semper
1481 361 1758 413 pertulerunt,
1801 361 1877 400 sed

247 435 473 472 interuersa
504 431 750 485 plerumque
782 438 902 471 sunt:
949 438 1019 470 aut
1052 444 1144 471 sera
1176 444 1311 484 eoque
1345 430 1506 471 foedior
1537 431 1699 471 luxuria
1729 431 1877 471 inuasit

210 520 224 543 5
247 505 467 557 coepitque
500 502 779 542 dehonestare
812 502 1001 555 speciosa
1033 503 1239 555 principia.
1292 509 1363 542 aut
1386 503 1424 541 in
1447 503 1645 556 popinam
1668 508 1875 542 uentrem-

196 870 224 895 10

195 1226 224 1250 15

190 1579 223 1604 ’ΞΟ

189 1933 222 1958 25

245 589 326 628 que
368 574 679 628 procubuerunt
720 574 797 613 toti
839 587 1087 626 summaque
1129 573 1203 612 illis
1237 586 1426 613 curarum
1459 572 1553 621 fuit,
1595 574 1694 626 quid
1727 573 1877 621 essent,

245 646 588 698 quid-biberent.
659 645 776 684 adice
818 645 1027 692 incendia,
1070 646 1226 691 ruinas,
1270 644 1481 696 naufragia
1522 644 1878 697 lacerationesque

247 717 504 756 medicorum
539 729 635 755 ossa
667 716 767 754 uiuis
796 715 1022 767 legentium
1047 721 1088 754 et
1110 721 1221 754 totas
1244 715 1283 754 in
1306 715 1463 754 uiscera
1486 729 1631 755 manus
1655 716 1876 755 demitten-

246 790 346 827 tium
380 793 421 826 et
453 800 537 826 non
562 793 646 837 pm*
675 786 905 838 simplicem
929 787 1122 825 dolorem
1145 786 1344 838 pudenda
1366 787 1607 826 curantium.
1656 792 1753 838 post
1774 785 1878 826 haec

247 859 439 897 exilium:
478 871 560 896 non
593 857 664 896 fuit
696 858 957 896 innocentior
988 856 1092 896 filius
1124 863 1218 896 tuus
1250 870 1377 909 quam
1400 857 1601 906 Rutilius;
1638 871 1874 898 carcerem:

246 943 328 968 non
371 928 444 968 suit
478 928 703 980 sapientior
734 942 861 980 quam
894 927 1090 968 Socrates
1108 945 1115 976 3
1162 928 1396 968 uoluntario
1429 928 1598 968 uolnere
1630 928 1876 968 transfixum

245 1007 416 1052 pectus:
479 1013 561 1038 non
611 999 684 1039 fuit
732 1000 914 1039 sanctior
962 1012 1087 1051 quam
1139 998 1270 1039 Cato:
1330 1013 1424 1038 cum
1475 1000 1553 1039 ista
1601 1000 1876 1052 perspexeris,

245 1071 348 1109 scies
391 1071 550 1123 optime
594 1084 687 1109 cum
731 1070 792 1109 his
835 1071 923 1122 agi,
965 1084 1070 1122 quos
1102 1076 1268 1117 natura,
1311 1070 1405 1122 quia
1443 1069 1534 1109 illos
1565 1069 1647 1109 hoc
1680 1070 1879 1110 manebat

245 1141 353 1180 uitae
385 1142 649 1193 stipendium,
683 1142 765 1180 cito
797 1142 835 1180 in
869 1148 1001 1181 tutum
1036 1143 1201 1194 recepit.
1255 1140 1351 1180 nihil
1384 1148 1445 1180 est
1477 1147 1564 1180 tam
1597 1140 1723 1180 fallax
1751 1153 1877 1194 quam

246 1213 329 1251 uita
357 1213 550 1260 humana,
583 1212 680 1251 nihil
709 1219 796 1251 tam
819 1213 1086 1252 insidiosum:
1123 1226 1206 1251 non
1230 1226 1298 1251 me
1319 1212 1507 1251 hercules
1529 1212 1743 1264 quisquam
1767 1210 1878 1251 illam

244 1283 483 1335 accepisset,
517 1284 591 1322 nisi
623 1285 790 1323 daretur
822 1283 1095 1323 inscientibus.
1154 1284 1294 1335 itaque
1325 1284 1357 1323 si
1389 1282 1666 1322 felicissimum
1700 1288 1762 1322 est
1794 1296 1878 1321 non

244 1355 366 1402 nasci,
399 1355 638 1407 proximum
674 1360 776 1407 puto
810 1355 922 1394 breui
955 1354 1024 1394 lite
1058 1353 1276 1393 defunctos
1309 1354 1390 1393 cito
1418 1355 1459 1393 in
1481 1355 1688 1406 integrum
1712 1354 1878 1393 restitui.

243 1438 434 1477 propone
466 1426 565 1465 illud
598 1426 911 1465 acerbissimum
946 1426 1019 1464 tibi
1051 1432 1229 1478 tempus,
1262 1438 1345 1478 quo
1368 1424 1541 1465 Seianus
1573 1430 1737 1477 patrem
1761 1430 1878 1464 tuum

245 1495 380 1535 clienti
422 1509 498 1535 suo
534 1495 671 1536 Satrio
704 1495 901 1536 Secundo
945 1497 1200 1548 congiarium
1244 1497 1368 1535 dedit.
1431 1496 1684 1535 irascebatur
1725 1494 1778 1534 illi
1821 1495 1877 1535 ob

244 1580 369 1605 unum
404 1573 473 1606 aut
505 1567 681 1606 alterum
715 1567 879 1607 liberius
912 1568 1081 1615 dictum,
1114 1568 1229 1619 quod
1261 1568 1408 1606 tacitus
1440 1566 1546 1606 ferre
1578 1580 1661 1606 non
1684 1572 1878 1619 potuerat

243 1635 439 1677 Seianum
488 1639 527 1677 in
571 1639 751 1678 ceruices
793 1645 960 1678 nostras
1002 1652 1054 1678 ne
1096 1639 1236 1691 inponi
1278 1638 1470 1690 quidem,
1522 1639 1597 1677 sed
1640 1638 1877 1677 escendere.

244 1709 547 1748 decernebatur
579 1709 631 1748 illi
663 1715 802 1749 statua
833 1710 871 1748 in
896 1710 1070 1762 Pompei
1102 1709 1268 1748 theatro
1301 1710 1509 1762 ponenda,
1543 1710 1657 1762 quod
1681 1715 1876 1748 exustum

245 1777 398 1818 Caesar
442 1779 664 1820 reficiebat.
729 1780 981 1820 exclamauit
1015 1779 1178 1819 Cordus
1220 1786 1319 1819 tunc
1362 1793 1458 1819 uere
1489 1779 1699 1820 theatrum
1731 1780 1875 1832 perire.

243 1851 340 1902 quid
385 1853 514 1902 ergo?
559 1865 643 1890 non
688 1857 950 1904 rumperetur
991 1865 1115 1904 supra
1157 1852 1312 1891 cineres
1356 1850 1428 1891 Cn.
1468 1851 1643 1904 Pompei
1684 1850 1909 1890 constitui.

244 1920 439 1960 Seianum
474 1927 513 1961 et
547 1923 585 1961 in
619 1923 901 1962 monumentis
936 1923 1108 1961 maximi
1130 1922 1391 1974 imperatoris
1415 1923 1647 1962 consecrari
1668 1921 1875 1975 perfidum

244 1992 444 2032 militem?
488 2000 753 2033 consecratur
796 1993 1051 2045 subscriptio,
1116 2000 1157 2032 et
1189 1993 1375 2032 acerrimi
1409 2006 1552 2041 canes,
1595 2006 1702 2045 quos
1734 1992 1800 2033 ille
1830 1999 1876 2033 ut

244 2170 263 2202 ,2
292 2170 510 2200 adulescentia
538 2168 758 2202 deteriores:
796 2170 1047 2201 adulescentiam
1186 2171 1205 2200 :3
1233 2180 1362 2211 semper
1388 2169 1583 2211 pertulerunt
1613 2167 1739 2202 Gerlz:
1769 2172 1874 2210 pertu-

244 2228 343 2259 lerunt
459 2228 474 2259 *i
505 2240 574 2259 scra
602 2240 675 2269 emp
706 2228 810 2265 fedior
838 2228 869 2270 (a
891 2240 964 2269 coq;
994 2228 1027 2261 in
1056 2234 1143 2268 ras.)
1259 2229 1278 2258 s»
1313 2229 1484 2269 coepitque
1513 2225 1718 2262 Schultess:
1749 2228 1872 2269 cogitq3

364 2286 382 2319 si
409 2288 646 2328 procubuerunt
674 2289 731 2318 toti
760 2286 930 2332 Madquz
961 2299 1019 2330 pro
1047 2289 1102 2319 toti
1239 2287 1253 2321 Γ
1281 2288 1468 2328 naul'ragias
1495 2288 1522 2327 (s
1550 2285 1632 2329 del.)
1765 2286 1784 2320 9
1811 2298 1876 2318 non

245 2357 300 2387 per
334 2347 516 2388 simplicem
553 2344 768 2380 Pincianus:
806 2358 870 2378 non
905 2348 1087 2388 simplicem
1240 2347 1271 2379 ll
1312 2348 1443 2378 uolnere
1477 2346 1696 2380 deteriores:
1732 2346 1876 2378 uolneret

535 2414 568 2428 xe
803 2416 819 2441 ll

377 2440 414 2473 12>
443 2442 601 2482 persperis
739 2442 773 2475 153
824 2442 848 2471 is
985 2441 1017 2474 ti
1050 2443 1112 2483 uite
1140 2443 1227 2483 (ras.
1253 2444 1337 2486 post
1362 2452 1378 2482 ς
1406 2446 1443 2474 ul
1470 2439 1626 2478 uidetur)
1763 2440 1799 2473 ίῖ)
1828 2441 1873 2472 in-

244 2500 400 2531 sidiosum
428 2498 645 2533 (lc’t‹.’1·i(›res:
678 2502 794 2531 insidio
945 2501 984 2533 1ίὶ
1020 2502 1228 2533 inscientibus
1254 2500 1337 2534 olim
1363 2505 1582 2534 correctwn:
1614 2501 1732 2531 tutibus

246 2558 287 2592 ’ῙῘ
315 2559 406 2590 breui
432 2559 486 2590 lite
521 2557 641 2593 Koch:
671 2561 828 2591 breuitate
958 2561 1077 2592 restitui
1105 2559 1185 2594 olim
1222 2564 1442 2594 correctum:
1472 2560 1581 2591 resiste
1720 2558 1763 2591 18
1796 2558 1873 2590 illud

245 2619 279 2659 (d
305 2628 354 2652 ex
381 2623 391 2649 t
419 2619 527 2660 corr.)
670 2619 711 2651 1⁴.)
739 2620 882 2660 secundo
1020 2619 1064 2653 ‘20
1091 2620 1220 2651 liberius
1248 2618 1467 2653 deler2'0res:
1501 2619 1634 2649 libertus
1771 2617 1814 2651 ‘21
1841 2628 1875 2649 se

244 2678 439 2709 descendere
577 2679 620 2710 252
645 2682 729 2722 post
755 2684 895 2710 exustum
925 2677 1055 2712 lacuna
1186 2680 1228 2712 ⁴22³
1257 2689 1329 2718 uere
1467 2678 1510 2710 25»
1537 2678 1747 2708 monimentis

244 2739 287 2770 ’ξύ
323 2742 530 2768 consecratur
565 2736 642 2770 cod.
679 2739 923 2770 consarcinatus
960 2738 1102 2782 Lipsius
1137 2739 1348 2770 concinnatur
1376 2736 1544 2781 Madm'q,
1578 2735 1644 2771 sed
1670 2741 1875 2768 consecratur

245 2801 363 2829 ortum
391 2806 468 2830 esse
496 2795 691 2830 uerisimile
717 2801 769 2830 est
795 2808 844 2831 ea:
870 2797 1099 2832 antecedenti
1122 2799 1316 2837 consecrari,
1343 2800 1381 2830 ul
1403 2796 1564 2840 sortasse
1589 2794 1645 2829 hic
1671 2805 1812 2841 qnoque
1837 2799 1876 2829 ut

246 2854 318 2891 lud.
348 2855 392 2890 cle
419 2861 534 2890 morte
562 2855 706 2890 Claudii
733 2859 785 2899 14,
818 2860 829 2890 1
859 2856 1089 2892 scribendum
1116 2857 1161 2891 sit
1187 2859 1290 2889 editur
1315 2857 1509 2898 subscriptio
