2008 3221
255 129 339 167 202
494 123 599 149 DIAL.
621 123 673 150 IX.
711 122 766 148 AD
788 122 976 148 SERENVM
997 122 1051 147 DE
1070 121 1423 154 TRANQVILLITATE
1441 122 1572 149 ANIMI.
1611 124 1637 148 5.

252 222 327 260 sed
370 219 564 259 inritabat
605 232 650 258 se
692 220 781 270 ipsa
819 217 1001 257 saeuitia.
1063 217 1104 256 in
1136 231 1218 268 qua
1249 218 1414 258 ciuitate
1446 224 1534 258 erat
1566 218 1706 258 Areos
1737 232 1883 271 pagos,

253 289 602 342 religiosissimum
634 288 842 335 iudicium,
875 287 915 326 in
947 301 1028 339 qua
1059 294 1228 327 senatus
1260 287 1521 340 populusque
1553 295 1701 328 senatu
1732 288 1884 336 similis,

253 360 392 399 coibat
434 359 588 399 cotidie
631 358 868 398 carnificum
907 362 1024 398 triste
1056 357 1278 409 collegium
1311 364 1354 397 et
1385 357 1525 397 infelix
1558 359 1668 398 curia
1698 360 1884 410 tyrannis

251 429 573 482 angustabatur:
628 435 852 481 poteratne
894 427 961 468 illa
1003 429 1148 468 ciuitas
1180 429 1494 480 conquiescere,
1536 429 1576 467 in
1607 443 1690 481 qua
1721 435 1786 468 tot
1816 436 1907 481 tys

216 516 230 538 5
252 501 365 540 ranni
398 506 515 540 erant
547 506 651 552 quot
683 499 782 539 satis
815 498 1015 539 satellites
1049 501 1216 538 essent?
1256 512 1309 538 ne
1341 512 1437 550 spes
1468 499 1638 551 quidem
1671 499 1752 539 ulla
1784 500 1882 539 reci-

200 867 230 892 10

200 1222 232 1246 15>

198 1929 231 1953 25

250 572 427 624 piendae
468 570 668 609 libertatis
710 570 858 609 animis
900 575 1067 622 poterat
1110 569 1268 617 offerri,
1310 583 1387 608 nec
1430 568 1496 608 ulli
1537 571 1725 609 remedio
1767 569 1883 610 locus

250 641 483 694 apparebat
525 646 670 680 contra
710 647 870 680 tantam
904 640 988 679 uim
1021 640 1249 679 malorum:
1293 641 1404 679 unde
1438 640 1548 679 enim
1581 641 1756 680 miserae
1787 641 1881 680 ciui-

250 713 326 753 tati
369 718 433 751 tot
466 711 753 751 Harmodios?
797 710 996 751 Socrates
1038 716 1180 750 tamen
1223 711 1263 749 in
1306 711 1447 750 medio
1490 717 1578 750 erat
1620 716 1661 750 et
1692 710 1884 762 lugentes

250 790 390 836 patres
433 782 728 822 consolabatur
770 788 811 821 et
855 781 1114 834 desperantis
1157 782 1210 820 de
1252 780 1464 833 republica
1507 780 1812 821 exhortabatur
1843 788 1885 822 et

252 854 445 894 diuitibus
494 866 597 905 opes
645 866 739 892 suas
788 852 1072 891 metuentibus
1122 851 1409 904 exprobrabat
1450 865 1586 891 seram
1628 852 1885 905 periculosae

251 925 445 964 auaritiae
477 924 774 976 paenitentiam
808 930 849 962 et
881 923 1032 962 imitari
1065 922 1301 962 uolentibus
1333 936 1534 974 magnum
1568 922 1885 963 circumferebat

251 995 480 1047 exemplar,
513 1008 607 1034 cum
639 995 745 1033 inter
776 994 946 1046 triginta
977 994 1173 1033 dominos
1205 993 1308 1033 liber
1340 994 1562 1033 incederet.
1605 993 1714 1033 hunc
1743 1001 1885 1034 tamen

251 1065 448 1105 Athenae
500 1066 614 1117 ipsae
663 1065 702 1103 in
753 1078 919 1104 carcere
968 1064 1231 1112 occiderunt,
1285 1070 1327 1104 et
1375 1064 1443 1117 qui
1485 1070 1577 1104 tuto
1619 1064 1886 1104 insultauerat

251 1137 405 1188 agmini
437 1143 734 1188 tyrannorum,
779 1136 864 1175 eius
896 1135 1133 1175 libertatem
1166 1135 1334 1174 libertas
1367 1148 1451 1174 non
1483 1134 1595 1175 tulit:
1632 1141 1677 1174 ut
1707 1135 1812 1174 scias
1844 1142 1886 1175 et

253 1208 292 1247 in
324 1207 493 1247 adflicta
525 1206 737 1259 republica
769 1219 860 1245 esse
893 1206 1159 1245 occasionem
1192 1206 1368 1258 sapienti
1400 1206 1487 1245 uiro
1520 1206 1574 1245 ad
1606 1219 1651 1245 se
1672 1204 1883 1258 proferen-

251 1279 350 1317 dum
385 1286 426 1318 et
458 1279 497 1316 in
528 1277 691 1317 florenti
724 1290 772 1316 ac
804 1277 929 1316 beata
960 1277 1192 1329 pecuniam,
1225 1276 1433 1325 inuidiam,
1468 1276 1579 1316 mille
1610 1276 1687 1316 alia
1715 1277 1886 1316 inermia

250 1349 349 1388 uitia
379 1362 565 1400 regnare.
628 1354 854 1400 utcumque
886 1361 988 1399 ergo
1021 1361 1066 1386 se
1099 1346 1333 1399 respublica
1366 1347 1505 1395 dabit,
1543 1353 1770 1399 utcumque
1802 1347 1883 1387 for-

251 1427 351 1459 tuna
382 1419 617 1471 permittet,
650 1419 707 1458 ita
738 1426 809 1458 aut
842 1417 1147 1469 explicabimus
1180 1431 1256 1457 nos
1289 1423 1360 1457 aut
1392 1417 1709 1457 contrahemus:
1745 1418 1886 1471 utique

253 1490 517 1529 mouebimus
559 1503 637 1529 nec
678 1489 850 1541 adligati
892 1494 1007 1528 metu
1050 1488 1324 1540 torpebimus.
1386 1488 1517 1527 immo
1560 1487 1625 1527 ille
1663 1489 1723 1528 uir
1754 1488 1886 1537 fuerit,

197 1577 211 1598 ·.
251 1560 319 1613 qui
351 1560 541 1612 periculis
574 1560 756 1612 undique
787 1559 1094 1607 inminentibus,
1129 1559 1252 1599 armis
1285 1559 1392 1598 circa
1424 1565 1466 1598 et
1498 1559 1654 1599 catenis
1677 1558 1885 1599 frementi-

251 1632 328 1670 bus
361 1645 445 1670 non
477 1631 659 1670 adliserit
691 1631 887 1670 uirtutem
919 1643 997 1669 nec
1028 1629 1307 1670 absconderit.
1367 1643 1451 1669 non
1484 1635 1547 1669 est
1579 1630 1689 1669 enim
1720 1643 1887 1670 seruare

1911 724 1930 756 10

251 1716 296 1741 se
339 1702 527 1741 obruere.
590 1715 709 1750 ltere,
755 1708 799 1741 ut
841 1701 1012 1753 opinor,
1056 1700 1201 1740 Curius
1233 1700 1443 1740 Dentatus
1485 1700 1644 1749 aiebat,
1687 1699 1810 1740 malle
1840 1714 1886 1740 se
1911 1712 1932 1745 5

252 1786 344 1812 esse
394 1779 604 1812 mortuum
654 1786 781 1824 quam
830 1773 980 1811 uiuere.
1043 1771 1233 1811 ultimum
1278 1771 1484 1811 malorum
1527 1778 1590 1811 est
1632 1785 1655 1810 e
1695 1771 1886 1810 uiuorum

252 1857 426 1882 numero
459 1844 595 1891 exire,
640 1850 866 1896 antequam
900 1843 1097 1882 moriaris,
1160 1843 1235 1882 sed
1268 1842 1501 1882 faciendum
1535 1843 1633 1891 erit,
1675 1842 1708 1881 si
1739 1842 1780 1881 in
1811 1841 1886 1881 rei-

251 1914 441 1967 publicae
473 1920 641 1966 tempus
674 1915 807 1953 minus
840 1913 1058 1953 tractabile
1090 1913 1301 1962 incideris,
1343 1918 1387 1952 ut
1419 1913 1511 1965 plus
1544 1914 1631 1953 otio
1665 1926 1713 1952 ac
1744 1912 1889 1953 litteris

253 1985 446 2025 uindices.
490 1998 567 2024 nec
599 1984 716 2024 aliter
748 1998 873 2037 quam
906 1985 945 2023 in
978 1983 1210 2036 periculosa
1232 1983 1497 2036 nauigatione
1519 1984 1697 2023 subinde
1718 1990 1888 2036 portum

1732 2117 1742 2136 t

258 2153 268 2182 1
309 2150 422 2181 seuitia
553 2149 572 2181 ἶς’»
609 2149 742 2180 tirannis
874 2147 893 2181 4
930 2148 1162 2190 angustabatur
1191 2146 1319 2182 Gertz:
1350 2152 1485 2189 angusta
1615 2148 1633 2181 :3
1661 2148 1749 2190 quod

1489 2214 1503 2230 e

255 2245 331 2275 satis
366 2243 518 2274 satellites
544 2240 716 2287 Maduiq:
746 2243 898 2274 satellites
1025 2241 1046 2275 7
1080 2243 1196 2274 misere
1325 2241 1346 2273 Β
1377 2242 1516 2283 lugentis
1637 2241 1667 2277 9,
1691 2242 1890 2283 desperantis

255 2304 395 2346 deren?
521 2313 560 2347 14
589 2315 748 2351 tirannozl.
870 2314 936 2345 eius
964 2312 1160 2346 Erasmus:
1190 2313 1268 2344 ciuis
1389 2317 1422 2344 ut
1448 2314 1532 2344 scias
1559 2311 1774 2347 deteriores:
1803 2316 1833 2343 et
1858 2315 1891 2342 ut

255 2385 338 2416 scias
497 2383 534 2416 15
570 2374 668 2417 re.13.
812 2382 851 2416 16
887 2385 1058 2425 pecuniam
1086 2394 1210 2417 uerum
1239 2393 1317 2416 esse
1341 2394 1411 2416 non
1433 2393 1543 2427 posse
1570 2381 1660 2416 nidic
1687 2381 1891 2423 Pincianus,

256 2443 451 2474 calumniam
479 2441 631 2476 coniecit
657 2440 821 2486 Maduiq,
846 2441 912 2476 sed
937 2442 1052 2486 maqis
1071 2440 1196 2486 placet
1223 2440 1338 2485 Lipsii
1361 2441 1542 2475 iuuencum
1569 2442 1779 2483 petulantiam

257 2514 392 2544 inermia
427 2511 534 2557 nul-qo
570 2514 684 2544 inertia
719 2511 870 2557 ,Madm'q
1026 2512 1067 2546 ’17
1102 2514 1216 2545 res.P.
1342 2511 1383 2545 18
1417 2513 1645 2543 contrahemus
1671 2510 1888 2546 deteriores:

255 2573 474 2603 contrahimus
602 2574 639 2605 15)
667 2573 791 2613 alligati
915 2571 958 2604 20
993 2571 1210 2607 imminentib3
1336 2571 1377 2603 21
1419 2571 1563 2602 adliserit
1590 2569 1718 2614 eizllqot
1748 2571 1892 2602 abliserit

374 2653 417 2686 ‘22
454 2665 527 2685 uere
554 2652 697 2687 addidit
726 2653 849 2698 Haupt
875 2653 1161 2698 interpunctione
1187 2656 1323 2686 mutam
1458 2637 1492 2684 se
1517 2637 1586 2684 ἔδεε
1613 2651 1738 2697 (siquis
1763 2662 1892 2696 supra-

256 2713 402 2757 scriptis
429 2711 546 2746 ollera
572 2723 699 2746 manus
718 2712 881 2746 ordinem
900 2711 1090 2746 uerborum
1111 2710 1319 2745 mutandum
1346 2721 1423 2745 csse
1448 2709 1634 2754 indicauit)
1660 2709 1738 2746 cod.
1766 2722 1833 2742 esse
1858 2722 1892 2742 se

259 2770 370 2815 Νεαρ,
494 2770 537 2804 23
573 2783 669 2813 quam
697 2783 835 2813 nequam
862 2773 969 2804 uiuere
989 2781 1148 2816 prorsus
1174 2770 1338 2805 inmerito
1365 2768 1516 2815 Madmy
1543 2774 1577 2804 et
1605 2768 1732 2807 Gerlz;
1761 2774 1798 2803 ut
1825 2780 1892 2801 esse

261 2842 310 2875 ita
336 2843 441 2873 uiuere
467 2841 516 2874 ml
541 2847 701 2874 mortuum
722 2842 908 2888 pertinere
934 2841 1063 2876 (locent
1087 2841 1272 2887 sequentia
1392 2841 1432 2875 24
1464 2842 1571 2874 rei.l’.
