<?xml version="1.0" encoding="UTF-8"?>
<!DOCTYPE html PUBLIC "-//W3C//DTD XHTML 1.0 Transitional//EN"
    "http://www.w3.org/TR/xhtml1/DTD/xhtml1-transitional.dtd">
<html xmlns="http://www.w3.org/1999/xhtml" xml:lang="en" lang="en">
 <head>
  <title>
</title>
<meta http-equiv="Content-Type" content="text/html;charset=utf-8" />
  <meta name='ocr-system' content='tesseract 3.04.00' />
  <meta name='ocr-capabilities' content='ocr_page ocr_carea ocr_par ocr_line ocrx_word'/>
</head>
<body>
  <div class='ocr_page' id='page_1' title='image "./dialogorumlibrid00seneuoft_0145.png"; bbox 0 0 1977 3231; ppageno 0'>
   <div class='ocr_carea' id='block_1_1' title="bbox 46 261 54 293">
    <p class='ocr_par' dir='ltr' id='par_1_1' title="bbox 46 261 54 293">
     <span class='ocr_line' id='line_1_1' title="bbox 46 261 54 293; baseline 0 0"><span class='ocrx_word' id='word_1_1' title='bbox 46 261 54 293; x_wconf 88' lang='lat'>1</span> 
     </span>
    </p>
   </div>
   <div class='ocr_carea' id='block_1_2' title="bbox 40 542 58 574">
    <p class='ocr_par' dir='ltr' id='par_1_2' title="bbox 40 542 58 574">
     <span class='ocr_line' id='line_1_2' title="bbox 40 542 58 574; textangle 90"><span class='ocrx_word' id='word_1_2' title='bbox 40 542 58 574; x_wconf 66' lang='lat'>10</span> 
     </span>
    </p>
   </div>
   <div class='ocr_carea' id='block_1_3' title="bbox 40 1962 59 1994">
    <p class='ocr_par' dir='ltr' id='par_1_3' title="bbox 40 1962 59 1994">
     <span class='ocr_line' id='line_1_3' title="bbox 40 1962 59 1994; textangle 90"><span class='ocrx_word' id='word_1_3' title='bbox 40 1962 59 1994; x_wconf 53' lang='lat'>10</span> 
     </span>
    </p>
   </div>
   <div class='ocr_carea' id='block_1_4' title="bbox 570 157 1706 202">
    <p class='ocr_par' dir='ltr' id='par_1_4' title="bbox 570 157 1706 202">
     <span class='ocr_line' id='line_1_4' title="bbox 570 157 1706 202; baseline 0.008 -21"><span class='ocrx_word' id='word_1_4' title='bbox 570 157 672 184; x_wconf 75' lang='lat' dir='ltr'><strong>DIAL.</strong></span> <span class='ocrx_word' id='word_1_5' title='bbox 694 157 727 184; x_wconf 83' lang='lat' dir='ltr'>v.</span> <span class='ocrx_word' id='word_1_6' title='bbox 769 158 819 183; x_wconf 77' lang='lat' dir='ltr'>DE</span> <span class='ocrx_word' id='word_1_7' title='bbox 841 157 905 183; x_wconf 79' lang='lat' dir='ltr'>lRA</span> <span class='ocrx_word' id='word_1_8' title='bbox 929 157 999 185; x_wconf 72' lang='lat' dir='ltr'>Lm.</span> <span class='ocrx_word' id='word_1_9' title='bbox 1023 159 1074 186; x_wconf 80' lang='lat'>111.</span> <span class='ocrx_word' id='word_1_10' title='bbox 1112 160 1157 186; x_wconf 77' lang='lat'>24.</span> <span class='ocrx_word' id='word_1_11' title='bbox 1178 160 1223 187; x_wconf 79' lang='lat'>25.</span> <span class='ocrx_word' id='word_1_12' title='bbox 1627 164 1706 202; x_wconf 75' lang='lat'>107</span> 
     </span>
    </p>
   </div>
   <div class='ocr_carea' id='block_1_5' title="bbox 86 253 1712 517">
    <p class='ocr_par' dir='ltr' id='par_1_5' title="bbox 86 253 1712 517">
     <span class='ocr_line' id='line_1_5' title="bbox 206 253 1708 307; baseline 0.003 -16"><span class='ocrx_word' id='word_1_13' title='bbox 206 253 363 292; x_wconf 72' lang='lat' dir='ltr'>XXIV.</span> <span class='ocrx_word' id='word_1_14' title='bbox 407 253 529 292; x_wconf 90' lang='lat' dir='ltr'>Dicat</span> <span class='ocrx_word' id='word_1_15' title='bbox 562 254 700 306; x_wconf 90' lang='lat' dir='ltr'>itaque</span> <span class='ocrx_word' id='word_1_16' title='bbox 731 254 806 293; x_wconf 91' lang='lat' dir='ltr'>sibi</span> <span class='ocrx_word' id='word_1_17' title='bbox 839 255 1030 307; x_wconf 87' lang='lat' dir='ltr'>quisque,</span> <span class='ocrx_word' id='word_1_18' title='bbox 1070 255 1261 307; x_wconf 89' lang='lat' dir='ltr'>quotiens</span> <span class='ocrx_word' id='word_1_19' title='bbox 1293 255 1539 303; x_wconf 80' lang='lat' dir='ltr'>lacessetur,</span> <span class='ocrx_word' id='word_1_20' title='bbox 1592 270 1708 295; x_wconf 85' lang='lat' dir='ltr'>num-</span> 
     </span>
     <span class='ocr_line' id='line_1_6' title="bbox 86 323 1698 378; baseline 0.002 -16"><span class='ocrx_word' id='word_1_21' title='bbox 86 323 184 375; x_wconf 89' lang='lat' dir='ltr'>quid</span> <span class='ocrx_word' id='word_1_22' title='bbox 227 325 441 375; x_wconf 89' lang='lat' dir='ltr'>potentior</span> <span class='ocrx_word' id='word_1_23' title='bbox 482 337 574 363; x_wconf 91' lang='lat' dir='ltr'>sum</span> <span class='ocrx_word' id='word_1_24' title='bbox 607 325 823 376; x_wconf 86' lang='lat' dir='ltr'>Philippo?</span> <span class='ocrx_word' id='word_1_25' title='bbox 876 326 929 364; x_wconf 90' lang='lat' dir='ltr'>illi</span> <span class='ocrx_word' id='word_1_26' title='bbox 969 332 1109 365; x_wconf 87' lang='lat' dir='ltr'>tamen</span> <span class='ocrx_word' id='word_1_27' title='bbox 1142 326 1294 378; x_wconf 88' lang='lat' dir='ltr'>inpune</span> <span class='ocrx_word' id='word_1_28' title='bbox 1333 326 1601 366; x_wconf 88' lang='lat' dir='ltr'>maledictum</span> <span class='ocrx_word' id='word_1_29' title='bbox 1637 334 1698 366; x_wconf 89' lang='lat' dir='ltr'>est</span> 
     </span>
     <span class='ocr_line' id='line_1_7' title="bbox 86 395 1710 449; baseline 0.001 -16"><span class='ocrx_word' id='word_1_30' title='bbox 86 395 286 447; x_wconf 86' lang='lat' dir='ltr'>numquid</span> <span class='ocrx_word' id='word_1_31' title='bbox 328 396 367 434; x_wconf 92' lang='lat' dir='ltr'>in</span> <span class='ocrx_word' id='word_1_32' title='bbox 411 396 541 434; x_wconf 87' lang='lat' dir='ltr'>domo</span> <span class='ocrx_word' id='word_1_33' title='bbox 585 409 679 435; x_wconf 87' lang='lat' dir='ltr'>mea</span> <span class='ocrx_word' id='word_1_34' title='bbox 720 396 811 448; x_wconf 90' lang='lat' dir='ltr'>plus</span> <span class='ocrx_word' id='word_1_35' title='bbox 854 409 1025 448; x_wconf 89' lang='lat' dir='ltr'>possum</span> <span class='ocrx_word' id='word_1_36' title='bbox 1070 410 1195 449; x_wconf 77' lang='lat' dir='ltr'>quam</span> <span class='ocrx_word' id='word_1_37' title='bbox 1239 403 1331 436; x_wconf 88' lang='lat' dir='ltr'>toto</span> <span class='ocrx_word' id='word_1_38' title='bbox 1376 397 1478 436; x_wconf 87' lang='lat' dir='ltr'>orbe</span> <span class='ocrx_word' id='word_1_39' title='bbox 1510 403 1710 436; x_wconf 89' lang='lat' dir='ltr'>terrarum</span> 
     </span>
     <span class='ocr_line' id='line_1_8' title="bbox 87 464 1712 517; baseline 0.001 -13"><span class='ocrx_word' id='word_1_40' title='bbox 87 465 203 504; x_wconf 91' lang='lat' dir='ltr'>diuus</span> <span class='ocrx_word' id='word_1_41' title='bbox 237 464 453 517; x_wconf 84' lang='lat' dir='ltr'>Augustus</span> <span class='ocrx_word' id='word_1_42' title='bbox 496 466 656 517; x_wconf 84' lang='lat' dir='ltr'>potuit?</span> <span class='ocrx_word' id='word_1_43' title='bbox 710 466 774 506; x_wconf 90' lang='lat' dir='ltr'>ille</span> <span class='ocrx_word' id='word_1_44' title='bbox 818 473 959 506; x_wconf 91' lang='lat' dir='ltr'>tamen</span> <span class='ocrx_word' id='word_1_45' title='bbox 1003 474 1224 506; x_wconf 85' lang='lat' dir='ltr'>contentus</span> <span class='ocrx_word' id='word_1_46' title='bbox 1269 467 1341 507; x_wconf 90' lang='lat' dir='ltr'>fuit</span> <span class='ocrx_word' id='word_1_47' title='bbox 1379 482 1403 507; x_wconf 88' lang='lat' dir='ltr'>a</span> <span class='ocrx_word' id='word_1_48' title='bbox 1434 468 1712 507; x_wconf 86' lang='lat' dir='ltr'>conuiciatore</span> 
     </span>
    </p>
   </div>
   <div class='ocr_carea' id='block_1_6' title="bbox 86 535 1746 591">
    <p class='ocr_par' dir='ltr' id='par_1_6' title="bbox 86 535 1746 591">
     <span class='ocr_line' id='line_1_9' title="bbox 86 535 1746 591; baseline 0.002 -17"><span class='ocrx_word' id='word_1_49' title='bbox 86 549 161 575; x_wconf 89' lang='lat' dir='ltr'>suo</span> <span class='ocrx_word' id='word_1_50' title='bbox 194 535 399 575; x_wconf 89' lang='lat' dir='ltr'>secedere.</span> <span class='ocrx_word' id='word_1_51' title='bbox 462 537 562 588; x_wconf 89' lang='lat' dir='ltr'>quid</span> <span class='ocrx_word' id='word_1_52' title='bbox 594 543 657 577; x_wconf 90' lang='lat' dir='ltr'>est</span> <span class='ocrx_word' id='word_1_53' title='bbox 689 551 816 589; x_wconf 88' lang='lat' dir='ltr'>quare</span> <span class='ocrx_word' id='word_1_54' title='bbox 849 551 929 589; x_wconf 92' lang='lat' dir='ltr'>ego</span> <span class='ocrx_word' id='word_1_55' title='bbox 962 538 1067 576; x_wconf 87' lang='lat' dir='ltr'>serui</span> <span class='ocrx_word' id='word_1_56' title='bbox 1102 538 1182 576; x_wconf 89' lang='lat' dir='ltr'>mei</span> <span class='ocrx_word' id='word_1_57' title='bbox 1215 537 1360 591; x_wconf 86' lang='lat' dir='ltr'>clarius</span> <span class='ocrx_word' id='word_1_58' title='bbox 1393 552 1636 590; x_wconf 86' lang='lat' dir='ltr'>responsum</span> <span class='ocrx_word' id='word_1_59' title='bbox 1671 545 1711 578; x_wconf 85' lang='lat' dir='ltr'>et</span> <span class='ocrx_word' id='word_1_60' title='bbox 1733 551 1746 573; x_wconf 72' lang='lat' dir='ltr'>f»</span> 
     </span>
    </p>
   </div>
   <div class='ocr_carea' id='block_1_7' title="bbox 85 607 1714 1227">
    <p class='ocr_par' dir='ltr' id='par_1_7' title="bbox 85 607 1714 1227">
     <span class='ocr_line' id='line_1_10' title="bbox 86 607 1710 661; baseline 0.002 -17"><span class='ocrx_word' id='word_1_61' title='bbox 86 607 441 646; x_wconf 82' lang='lat' dir='ltr'>contumaciorem</span> <span class='ocrx_word' id='word_1_62' title='bbox 486 607 645 647; x_wconf 92' lang='lat' dir='ltr'>uoltum</span> <span class='ocrx_word' id='word_1_63' title='bbox 689 614 729 647; x_wconf 89' lang='lat' dir='ltr'>et</span> <span class='ocrx_word' id='word_1_64' title='bbox 772 620 857 647; x_wconf 90' lang='lat' dir='ltr'>non</span> <span class='ocrx_word' id='word_1_65' title='bbox 898 608 1211 659; x_wconf 90' lang='lat' dir='ltr'>peruenientem</span> <span class='ocrx_word' id='word_1_66' title='bbox 1254 622 1383 661; x_wconf 91' lang='lat' dir='ltr'>usque</span> <span class='ocrx_word' id='word_1_67' title='bbox 1416 609 1469 647; x_wconf 92' lang='lat' dir='ltr'>ad</span> <span class='ocrx_word' id='word_1_68' title='bbox 1502 623 1569 648; x_wconf 89' lang='lat' dir='ltr'>me</span> <span class='ocrx_word' id='word_1_69' title='bbox 1603 623 1710 648; x_wconf 89' lang='lat' dir='ltr'>mur-</span> 
     </span>
     <span class='ocr_line' id='line_1_11' title="bbox 86 677 1713 731; baseline 0.002 -16"><span class='ocrx_word' id='word_1_70' title='bbox 86 678 361 717; x_wconf 88' lang='lat' dir='ltr'>murationem</span> <span class='ocrx_word' id='word_1_71' title='bbox 415 677 586 730; x_wconf 86' lang='lat' dir='ltr'>flagellis</span> <span class='ocrx_word' id='word_1_72' title='bbox 639 684 680 718; x_wconf 91' lang='lat' dir='ltr'>et</span> <span class='ocrx_word' id='word_1_73' title='bbox 731 678 992 730; x_wconf 82' lang='lat' dir='ltr'>conpedibus</span> <span class='ocrx_word' id='word_1_74' title='bbox 1033 679 1232 730; x_wconf 81' lang='lat' dir='ltr'><strong>expiem?</strong></span> <span class='ocrx_word' id='word_1_75' title='bbox 1303 680 1392 731; x_wconf 87' lang='lat' dir='ltr'>quis</span> <span class='ocrx_word' id='word_1_76' title='bbox 1436 693 1549 727; x_wconf 89' lang='lat' dir='ltr'>sum,</span> <span class='ocrx_word' id='word_1_77' title='bbox 1602 680 1713 719; x_wconf 87' lang='lat' dir='ltr'>cuius</span> 
     </span>
     <span class='ocr_line' id='line_1_12' title="bbox 86 747 1710 802; baseline 0.002 -16"><span class='ocrx_word' id='word_1_78' title='bbox 86 760 204 786; x_wconf 83' lang='lat' dir='ltr'>aures</span> <span class='ocrx_word' id='word_1_79' title='bbox 236 747 343 787; x_wconf 91' lang='lat' dir='ltr'>laedi</span> <span class='ocrx_word' id='word_1_80' title='bbox 376 748 490 787; x_wconf 90' lang='lat' dir='ltr'>nefas</span> <span class='ocrx_word' id='word_1_81' title='bbox 522 749 599 788; x_wconf 87' lang='lat' dir='ltr'>sit?</span> <span class='ocrx_word' id='word_1_82' title='bbox 652 750 901 801; x_wconf 88' lang='lat' dir='ltr'>ignouerunt</span> <span class='ocrx_word' id='word_1_83' title='bbox 934 748 1049 789; x_wconf 90' lang='lat' dir='ltr'>multi</span> <span class='ocrx_word' id='word_1_84' title='bbox 1082 749 1292 789; x_wconf 77' lang='lat' dir='ltr'>hostibus:</span> <span class='ocrx_word' id='word_1_85' title='bbox 1341 763 1422 802; x_wconf 87' lang='lat' dir='ltr'>ego</span> <span class='ocrx_word' id='word_1_86' title='bbox 1455 763 1540 789; x_wconf 91' lang='lat' dir='ltr'>non</span> <span class='ocrx_word' id='word_1_87' title='bbox 1573 751 1710 802; x_wconf 83' lang='lat' dir='ltr'>ignos-</span> 
     </span>
     <span class='ocr_line' id='line_1_13' title="bbox 87 819 1712 872; baseline 0.002 -15"><span class='ocrx_word' id='word_1_88' title='bbox 87 831 178 857; x_wconf 89' lang='lat' dir='ltr'>cam</span> <span class='ocrx_word' id='word_1_89' title='bbox 202 819 339 871; x_wconf 79' lang='lat' dir='ltr'>pigriS‚</span> <span class='ocrx_word' id='word_1_90' title='bbox 371 819 702 872; x_wconf 80' lang='lat' dir='ltr'>neglegentibus,</span> <span class='ocrx_word' id='word_1_91' title='bbox 726 820 926 871; x_wconf 77' lang='lat' dir='ltr'>garrulis?</span> <span class='ocrx_word' id='word_1_92' title='bbox 970 833 1145 872; x_wconf 89' lang='lat' dir='ltr'>puerum</span> <span class='ocrx_word' id='word_1_93' title='bbox 1168 827 1284 860; x_wconf 89' lang='lat' dir='ltr'>aetas</span> <span class='ocrx_word' id='word_1_94' title='bbox 1308 827 1492 868; x_wconf 79' lang='lat' dir='ltr'>excuset,</span> <span class='ocrx_word' id='word_1_95' title='bbox 1517 819 1712 860; x_wconf 86' lang='lat' dir='ltr'>feminam</span> 
     </span>
     <span class='ocr_line' id='line_1_14' title="bbox 85 887 1711 943; baseline 0.001 -15"><span class='ocrx_word' id='word_1_96' title='bbox 85 902 222 937; x_wconf 83' lang='lat' dir='ltr'>sexus,</span> <span class='ocrx_word' id='word_1_97' title='bbox 256 887 502 929; x_wconf 85' lang='lat' dir='ltr'>extraneum</span> <span class='ocrx_word' id='word_1_98' title='bbox 536 890 716 939; x_wconf 77' lang='lat' dir='ltr'>libertas,</span> <span class='ocrx_word' id='word_1_99' title='bbox 752 892 1032 931; x_wconf 89' lang='lat' dir='ltr'>domesticum</span> <span class='ocrx_word' id='word_1_100' title='bbox 1067 890 1331 931; x_wconf 78' lang='lat' dir='ltr'>familiaritas.</span> <span class='ocrx_word' id='word_1_101' title='bbox 1394 905 1501 930; x_wconf 88' lang='lat' dir='ltr'>nunc</span> <span class='ocrx_word' id='word_1_102' title='bbox 1532 892 1711 943; x_wconf 89' lang='lat' dir='ltr'>primum</span> 
     </span>
     <span class='ocr_line' id='line_1_15' title="bbox 87 961 1708 1014; baseline 0.002 -16"><span class='ocrx_word' id='word_1_103' title='bbox 87 961 277 1000; x_wconf 84' lang='lat' dir='ltr'>offendit:</span> <span class='ocrx_word' id='word_1_104' title='bbox 335 963 568 1012; x_wconf 88' lang='lat' dir='ltr'>cogitemus</span> <span class='ocrx_word' id='word_1_105' title='bbox 610 963 808 1014; x_wconf 77' lang='lat' dir='ltr'>quamdiu</span> <span class='ocrx_word' id='word_1_106' title='bbox 853 962 1063 1014; x_wconf 87' lang='lat' dir='ltr'>placuerit.</span> <span class='ocrx_word' id='word_1_107' title='bbox 1127 976 1253 1014; x_wconf 87' lang='lat' dir='ltr'>saepe</span> <span class='ocrx_word' id='word_1_108' title='bbox 1295 968 1336 1001; x_wconf 92' lang='lat' dir='ltr'>et</span> <span class='ocrx_word' id='word_1_109' title='bbox 1378 961 1476 1001; x_wconf 86' lang='lat' dir='ltr'>alias</span> <span class='ocrx_word' id='word_1_110' title='bbox 1509 962 1708 1002; x_wconf 81' lang='lat' dir='ltr'>offendit:</span> 
     </span>
     <span class='ocr_line' id='line_1_16' title="bbox 85 1029 1709 1085; baseline 0.002 -16"><span class='ocrx_word' id='word_1_111' title='bbox 85 1029 264 1070; x_wconf 86' lang='lat' dir='ltr'>feramus</span> <span class='ocrx_word' id='word_1_112' title='bbox 297 1032 411 1083; x_wconf 91' lang='lat' dir='ltr'>quod</span> <span class='ocrx_word' id='word_1_113' title='bbox 446 1032 513 1071; x_wconf 91' lang='lat' dir='ltr'>diu</span> <span class='ocrx_word' id='word_1_114' title='bbox 536 1032 714 1072; x_wconf 89' lang='lat' dir='ltr'>tulimus.</span> <span class='ocrx_word' id='word_1_115' title='bbox 757 1035 914 1072; x_wconf 86' lang='lat' dir='ltr'>amicus</span> <span class='ocrx_word' id='word_1_116' title='bbox 938 1039 1024 1072; x_wconf 89' lang='lat' dir='ltr'>est:</span> <span class='ocrx_word' id='word_1_117' title='bbox 1062 1032 1157 1072; x_wconf 86' lang='lat' dir='ltr'>fecit</span> <span class='ocrx_word' id='word_1_118' title='bbox 1180 1033 1294 1085; x_wconf 89' lang='lat' dir='ltr'>quod</span> <span class='ocrx_word' id='word_1_119' title='bbox 1317 1032 1457 1072; x_wconf 89' lang='lat' dir='ltr'>noluit.</span> <span class='ocrx_word' id='word_1_120' title='bbox 1483 1034 1709 1072; x_wconf 49' lang='lat' dir='ltr'>inimicus:</span> 
     </span>
     <span class='ocr_line' id='line_1_17' title="bbox 86 1100 1713 1154; baseline 0.002 -14"><span class='ocrx_word' id='word_1_121' title='bbox 86 1100 180 1140; x_wconf 87' lang='lat' dir='ltr'>fecit</span> <span class='ocrx_word' id='word_1_122' title='bbox 223 1102 338 1154; x_wconf 91' lang='lat' dir='ltr'>quod</span> <span class='ocrx_word' id='word_1_123' title='bbox 382 1101 536 1142; x_wconf 88' lang='lat' dir='ltr'>debuit.</span> <span class='ocrx_word' id='word_1_124' title='bbox 610 1104 866 1154; x_wconf 87' lang='lat' dir='ltr'>prudentiori</span> <span class='ocrx_word' id='word_1_125' title='bbox 912 1104 1156 1143; x_wconf 87' lang='lat' dir='ltr'>credamus:</span> <span class='ocrx_word' id='word_1_126' title='bbox 1223 1103 1399 1143; x_wconf 85' lang='lat' dir='ltr'>stultiori</span> <span class='ocrx_word' id='word_1_127' title='bbox 1442 1105 1713 1143; x_wconf 69' lang='lat' dir='ltr'>remittamus</span> 
     </span>
     <span class='ocr_line' id='line_1_18' title="bbox 85 1172 1714 1227; baseline 0.002 -16"><span class='ocrx_word' id='word_1_128' title='bbox 85 1185 162 1224; x_wconf 90' lang='lat' dir='ltr'>pro</span> <span class='ocrx_word' id='word_1_129' title='bbox 205 1186 471 1225; x_wconf 87' lang='lat' dir='ltr'>quocumque</span> <span class='ocrx_word' id='word_1_130' title='bbox 504 1172 602 1212; x_wconf 89' lang='lat' dir='ltr'>illud</span> <span class='ocrx_word' id='word_1_131' title='bbox 635 1173 755 1213; x_wconf 88' lang='lat' dir='ltr'>nobis</span> <span class='ocrx_word' id='word_1_132' title='bbox 788 1175 1141 1226; x_wconf 72' lang='lat' dir='ltr'>respondeamuS,</span> <span class='ocrx_word' id='word_1_133' title='bbox 1184 1175 1513 1226; x_wconf 86' lang='lat' dir='ltr'>sapientissimos</span> <span class='ocrx_word' id='word_1_134' title='bbox 1546 1188 1714 1227; x_wconf 90' lang='lat' dir='ltr'>quoque</span> 
     </span>
    </p>
   </div>
   <div class='ocr_carea' id='block_1_8' title="bbox 87 1243 1765 1297">
    <p class='ocr_par' dir='ltr' id='par_1_8' title="bbox 87 1243 1765 1297">
     <span class='ocr_line' id='line_1_19' title="bbox 87 1243 1765 1297; baseline 0 -15"><span class='ocrx_word' id='word_1_135' title='bbox 87 1244 197 1282; x_wconf 91' lang='lat' dir='ltr'>uiros</span> <span class='ocrx_word' id='word_1_136' title='bbox 240 1243 370 1283; x_wconf 89' lang='lat' dir='ltr'>multa</span> <span class='ocrx_word' id='word_1_137' title='bbox 402 1243 656 1296; x_wconf 87' lang='lat' dir='ltr'>delinquere,</span> <span class='ocrx_word' id='word_1_138' title='bbox 700 1247 908 1284; x_wconf 87' lang='lat' dir='ltr'>neminem</span> <span class='ocrx_word' id='word_1_139' title='bbox 942 1259 1033 1285; x_wconf 90' lang='lat' dir='ltr'>esse</span> <span class='ocrx_word' id='word_1_140' title='bbox 1065 1252 1152 1285; x_wconf 87' lang='lat' dir='ltr'>tam</span> <span class='ocrx_word' id='word_1_141' title='bbox 1186 1246 1556 1297; x_wconf 87' lang='lat' dir='ltr'>circumspectum,</span> <span class='ocrx_word' id='word_1_142' title='bbox 1601 1248 1712 1285; x_wconf 85' lang='lat' dir='ltr'>cuius</span> <span class='ocrx_word' id='word_1_143' title='bbox 1751 1259 1765 1282; x_wconf 75' lang='lat'>5</span> 
     </span>
    </p>
   </div>
   <div class='ocr_carea' id='block_1_9' title="bbox 85 1314 1716 1935">
    <p class='ocr_par' dir='ltr' id='par_1_9' title="bbox 86 1314 1714 1566">
     <span class='ocr_line' id='line_1_20' title="bbox 86 1314 1710 1368; baseline 0.002 -16"><span class='ocrx_word' id='word_1_144' title='bbox 86 1327 170 1353; x_wconf 91' lang='lat' dir='ltr'>non</span> <span class='ocrx_word' id='word_1_145' title='bbox 203 1314 416 1366; x_wconf 82' lang='lat' dir='ltr'>diligentia</span> <span class='ocrx_word' id='word_1_146' title='bbox 447 1314 670 1367; x_wconf 88' lang='lat' dir='ltr'>aliquando</span> <span class='ocrx_word' id='word_1_147' title='bbox 703 1316 779 1355; x_wconf 85' lang='lat' dir='ltr'>sibi</span> <span class='ocrx_word' id='word_1_148' title='bbox 814 1318 902 1368; x_wconf 81' lang='lat' dir='ltr'>ipsa</span> <span class='ocrx_word' id='word_1_149' title='bbox 934 1318 1112 1364; x_wconf 83' lang='lat' dir='ltr'>excidat,</span> <span class='ocrx_word' id='word_1_150' title='bbox 1146 1318 1355 1356; x_wconf 92' lang='lat' dir='ltr'>neminem</span> <span class='ocrx_word' id='word_1_151' title='bbox 1378 1323 1465 1356; x_wconf 88' lang='lat' dir='ltr'>tam</span> <span class='ocrx_word' id='word_1_152' title='bbox 1492 1324 1710 1364; x_wconf 87' lang='lat' dir='ltr'>maturum,</span> 
     </span>
     <span class='ocr_line' id='line_1_21' title="bbox 86 1386 1711 1439; baseline 0.001 -15"><span class='ocrx_word' id='word_1_153' title='bbox 86 1387 196 1424; x_wconf 91' lang='lat' dir='ltr'>cuius</span> <span class='ocrx_word' id='word_1_154' title='bbox 239 1399 323 1425; x_wconf 93' lang='lat' dir='ltr'>non</span> <span class='ocrx_word' id='word_1_155' title='bbox 365 1387 615 1438; x_wconf 89' lang='lat' dir='ltr'>grauitatem</span> <span class='ocrx_word' id='word_1_156' title='bbox 656 1389 695 1426; x_wconf 90' lang='lat' dir='ltr'>in</span> <span class='ocrx_word' id='word_1_157' title='bbox 729 1387 898 1438; x_wconf 88' lang='lat' dir='ltr'>aliquod</span> <span class='ocrx_word' id='word_1_158' title='bbox 936 1387 1131 1426; x_wconf 84' lang='lat' dir='ltr'>feruidius</span> <span class='ocrx_word' id='word_1_159' title='bbox 1164 1386 1319 1427; x_wconf 87' lang='lat' dir='ltr'>factum</span> <span class='ocrx_word' id='word_1_160' title='bbox 1360 1401 1477 1427; x_wconf 86' lang='lat' dir='ltr'>casus</span> <span class='ocrx_word' id='word_1_161' title='bbox 1511 1387 1711 1439; x_wconf 85' lang='lat' dir='ltr'>inpingat,</span> 
     </span>
     <span class='ocr_line' id='line_1_22' title="bbox 86 1449 1714 1510; baseline 0.002 -16"><span class='ocrx_word' id='word_1_162' title='bbox 86 1457 296 1495; x_wconf 91' lang='lat' dir='ltr'>neminem</span> <span class='ocrx_word' id='word_1_163' title='bbox 339 1463 427 1496; x_wconf 90' lang='lat' dir='ltr'>tam</span> <span class='ocrx_word' id='word_1_164' title='bbox 470 1459 662 1497; x_wconf 88' lang='lat' dir='ltr'>timidum</span> <span class='ocrx_word' id='word_1_165' title='bbox 706 1458 978 1506; x_wconf 81' lang='lat' dir='ltr'>offensarum,</span> <span class='ocrx_word' id='word_1_166' title='bbox 1021 1460 1088 1510; x_wconf 88' lang='lat' dir='ltr'>qui</span> <span class='ocrx_word' id='word_1_167' title='bbox 1117 1449 1212 1498; x_wconf 82' lang='lat' dir='ltr'>¹non</span> <span class='ocrx_word' id='word_1_168' title='bbox 1245 1460 1285 1497; x_wconf 90' lang='lat' dir='ltr'>in</span> <span class='ocrx_word' id='word_1_169' title='bbox 1318 1458 1423 1506; x_wconf 80' lang='lat' dir='ltr'>illas,</span> <span class='ocrx_word' id='word_1_170' title='bbox 1468 1458 1567 1497; x_wconf 89' lang='lat' dir='ltr'>dum</span> <span class='ocrx_word' id='word_1_171' title='bbox 1601 1460 1714 1505; x_wconf 81' lang='lat' dir='ltr'>uitat,</span> 
     </span>
     <span class='ocr_line' id='line_1_23' title="bbox 86 1527 250 1566; baseline 0.006 -1"><span class='ocrx_word' id='word_1_172' title='bbox 86 1527 250 1566; x_wconf 91' lang='lat' dir='ltr'>incidat.</span> 
     </span>
    </p>

    <p class='ocr_par' dir='ltr' id='par_1_10' title="bbox 85 1597 1716 1935">
     <span class='ocr_line' id='line_1_24' title="bbox 205 1597 1713 1651; baseline 0.001 -15"><span class='ocrx_word' id='word_1_173' title='bbox 205 1597 341 1638; x_wconf 80' lang='lat' dir='ltr'><strong>XXV.</strong></span> <span class='ocrx_word' id='word_1_174' title='bbox 386 1598 620 1650; x_wconf 77' lang='lat' dir='ltr'>Quomodo</span> <span class='ocrx_word' id='word_1_175' title='bbox 654 1599 812 1639; x_wconf 89' lang='lat' dir='ltr'>homini</span> <span class='ocrx_word' id='word_1_176' title='bbox 845 1599 994 1651; x_wconf 88' lang='lat' dir='ltr'>pusillo</span> <span class='ocrx_word' id='word_1_177' title='bbox 1027 1599 1229 1639; x_wconf 89' lang='lat' dir='ltr'>solacium</span> <span class='ocrx_word' id='word_1_178' title='bbox 1261 1601 1301 1639; x_wconf 88' lang='lat' dir='ltr'>in</span> <span class='ocrx_word' id='word_1_179' title='bbox 1332 1599 1449 1639; x_wconf 85' lang='lat' dir='ltr'>malis</span> <span class='ocrx_word' id='word_1_180' title='bbox 1472 1599 1557 1647; x_wconf 87' lang='lat' dir='ltr'>fuit,</span> <span class='ocrx_word' id='word_1_181' title='bbox 1588 1601 1713 1639; x_wconf 86' lang='lat' dir='ltr'>etiam</span> 
     </span>
     <span class='ocr_line' id='line_1_25' title="bbox 87 1670 1715 1723; baseline 0.001 -17"><span class='ocrx_word' id='word_1_182' title='bbox 87 1681 334 1719; x_wconf 88' lang='lat' dir='ltr'>magnorum</span> <span class='ocrx_word' id='word_1_183' title='bbox 369 1671 549 1709; x_wconf 88' lang='lat' dir='ltr'>uirorum</span> <span class='ocrx_word' id='word_1_184' title='bbox 583 1670 763 1710; x_wconf 86' lang='lat' dir='ltr'>titubare</span> <span class='ocrx_word' id='word_1_185' title='bbox 796 1670 1016 1719; x_wconf 83' lang='lat' dir='ltr'>fortunam,</span> <span class='ocrx_word' id='word_1_186' title='bbox 1051 1677 1092 1710; x_wconf 90' lang='lat' dir='ltr'>et</span> <span class='ocrx_word' id='word_1_187' title='bbox 1125 1672 1320 1723; x_wconf 88' lang='lat' dir='ltr'>aequiore</span> <span class='ocrx_word' id='word_1_188' title='bbox 1353 1673 1492 1710; x_wconf 90' lang='lat' dir='ltr'>animo</span> <span class='ocrx_word' id='word_1_189' title='bbox 1526 1670 1652 1709; x_wconf 86' lang='lat' dir='ltr'>filium</span> <span class='ocrx_word' id='word_1_190' title='bbox 1676 1672 1715 1708; x_wconf 89' lang='lat' dir='ltr'>in</span> 
     </span>
     <span class='ocr_line' id='line_1_26' title="bbox 86 1738 1716 1793; baseline 0.001 -16"><span class='ocrx_word' id='word_1_191' title='bbox 86 1738 238 1790; x_wconf 89' lang='lat' dir='ltr'>angulo</span> <span class='ocrx_word' id='word_1_192' title='bbox 281 1738 413 1788; x_wconf 86' lang='lat' dir='ltr'>fleuit,</span> <span class='ocrx_word' id='word_1_193' title='bbox 455 1742 524 1793; x_wconf 91' lang='lat' dir='ltr'>qui</span> <span class='ocrx_word' id='word_1_194' title='bbox 566 1742 669 1781; x_wconf 89' lang='lat' dir='ltr'>uidit</span> <span class='ocrx_word' id='word_1_195' title='bbox 714 1742 867 1781; x_wconf 88' lang='lat' dir='ltr'>acerba</span> <span class='ocrx_word' id='word_1_196' title='bbox 910 1741 1051 1781; x_wconf 89' lang='lat' dir='ltr'>funera</span> <span class='ocrx_word' id='word_1_197' title='bbox 1093 1743 1219 1781; x_wconf 85' lang='lat' dir='ltr'>etiam</span> <span class='ocrx_word' id='word_1_198' title='bbox 1264 1755 1317 1780; x_wconf 90' lang='lat' dir='ltr'>ex</span> <span class='ocrx_word' id='word_1_199' title='bbox 1351 1743 1464 1793; x_wconf 88' lang='lat' dir='ltr'>regia</span> <span class='ocrx_word' id='word_1_200' title='bbox 1497 1742 1611 1780; x_wconf 92' lang='lat' dir='ltr'>duci:</span> <span class='ocrx_word' id='word_1_201' title='bbox 1659 1743 1716 1780; x_wconf 88' lang='lat' dir='ltr'>sic</span> 
     </span>
     <span class='ocr_line' id='line_1_27' title="bbox 86 1810 1713 1864; baseline 0.001 -16"><span class='ocrx_word' id='word_1_202' title='bbox 86 1811 224 1848; x_wconf 88' lang='lat' dir='ltr'>animo</span> <span class='ocrx_word' id='word_1_203' title='bbox 257 1812 454 1862; x_wconf 87' lang='lat' dir='ltr'>aequiore</span> <span class='ocrx_word' id='word_1_204' title='bbox 485 1810 563 1851; x_wconf 88' lang='lat' dir='ltr'>fert</span> <span class='ocrx_word' id='word_1_205' title='bbox 595 1811 649 1851; x_wconf 93' lang='lat' dir='ltr'>ab</span> <span class='ocrx_word' id='word_1_206' title='bbox 683 1812 820 1864; x_wconf 91' lang='lat' dir='ltr'>aliquo</span> <span class='ocrx_word' id='word_1_207' title='bbox 854 1812 979 1860; x_wconf 80' lang='lat' dir='ltr'>laedi,</span> <span class='ocrx_word' id='word_1_208' title='bbox 1023 1812 1075 1851; x_wconf 92' lang='lat' dir='ltr'>ab</span> <span class='ocrx_word' id='word_1_209' title='bbox 1109 1812 1246 1864; x_wconf 89' lang='lat' dir='ltr'>aliquo</span> <span class='ocrx_word' id='word_1_210' title='bbox 1280 1813 1502 1859; x_wconf 88' lang='lat' dir='ltr'>contemni,</span> <span class='ocrx_word' id='word_1_211' title='bbox 1535 1813 1713 1850; x_wconf 89' lang='lat' dir='ltr'>cuicum-</span> 
     </span>
     <span class='ocr_line' id='line_1_28' title="bbox 85 1883 1716 1935; baseline 0.001 -16"><span class='ocrx_word' id='word_1_212' title='bbox 85 1894 166 1932; x_wconf 90' lang='lat' dir='ltr'>que</span> <span class='ocrx_word' id='word_1_213' title='bbox 198 1883 309 1921; x_wconf 90' lang='lat' dir='ltr'>uenit</span> <span class='ocrx_word' id='word_1_214' title='bbox 341 1884 381 1921; x_wconf 92' lang='lat' dir='ltr'>in</span> <span class='ocrx_word' id='word_1_215' title='bbox 414 1889 600 1922; x_wconf 88' lang='lat' dir='ltr'>mentem</span> <span class='ocrx_word' id='word_1_216' title='bbox 633 1883 787 1923; x_wconf 88' lang='lat' dir='ltr'>nullam</span> <span class='ocrx_word' id='word_1_217' title='bbox 822 1897 912 1923; x_wconf 89' lang='lat' dir='ltr'>esse</span> <span class='ocrx_word' id='word_1_218' title='bbox 945 1890 1107 1923; x_wconf 88' lang='lat' dir='ltr'>tantam</span> <span class='ocrx_word' id='word_1_219' title='bbox 1140 1884 1387 1935; x_wconf 83' lang='lat' dir='ltr'>potentiam,</span> <span class='ocrx_word' id='word_1_220' title='bbox 1420 1884 1459 1922; x_wconf 89' lang='lat' dir='ltr'>in</span> <span class='ocrx_word' id='word_1_221' title='bbox 1482 1896 1608 1934; x_wconf 88' lang='lat' dir='ltr'>quam</span> <span class='ocrx_word' id='word_1_222' title='bbox 1632 1896 1716 1921; x_wconf 86' lang='lat' dir='ltr'>non</span> 
     </span>
    </p>
   </div>
   <div class='ocr_carea' id='block_1_10' title="bbox 86 1953 1766 2007">
    <p class='ocr_par' dir='ltr' id='par_1_11' title="bbox 86 1953 1766 2007">
     <span class='ocr_line' id='line_1_29' title="bbox 86 1953 1766 2007; baseline -0.001 -17"><span class='ocrx_word' id='word_1_223' title='bbox 86 1953 264 1992; x_wconf 89' lang='lat' dir='ltr'>incurrat</span> <span class='ocrx_word' id='word_1_224' title='bbox 306 1954 459 1994; x_wconf 82' lang='lat' dir='ltr'>iniuria.</span> <span class='ocrx_word' id='word_1_225' title='bbox 521 1955 637 2007; x_wconf 90' lang='lat' dir='ltr'>quod</span> <span class='ocrx_word' id='word_1_226' title='bbox 680 1956 711 1994; x_wconf 86' lang='lat' dir='ltr'>si</span> <span class='ocrx_word' id='word_1_227' title='bbox 745 1956 872 1995; x_wconf 88' lang='lat' dir='ltr'>etiam</span> <span class='ocrx_word' id='word_1_228' title='bbox 905 1955 1214 2006; x_wconf 85' lang='lat' dir='ltr'>prudentissimi</span> <span class='ocrx_word' id='word_1_229' title='bbox 1247 1960 1441 2006; x_wconf 88' lang='lat' dir='ltr'>peccant,</span> <span class='ocrx_word' id='word_1_230' title='bbox 1485 1954 1596 1992; x_wconf 88' lang='lat' dir='ltr'>cuius</span> <span class='ocrx_word' id='word_1_231' title='bbox 1630 1966 1711 1991; x_wconf 91' lang='lat' dir='ltr'>non</span> <span class='ocrx_word' id='word_1_232' title='bbox 1735 1966 1766 1988; x_wconf 75' lang='grc'>·.·,</span> 
     </span>
    </p>
   </div>
   <div class='ocr_carea' id='block_1_11' title="bbox 84 2023 1717 2291">
    <p class='ocr_par' dir='ltr' id='par_1_12' title="bbox 84 2023 1717 2291">
     <span class='ocr_line' id='line_1_30' title="bbox 84 2023 1716 2078; baseline 0.001 -17"><span class='ocrx_word' id='word_1_233' title='bbox 84 2036 199 2062; x_wconf 93' lang='lat' dir='ltr'>error</span> <span class='ocrx_word' id='word_1_234' title='bbox 251 2023 409 2063; x_wconf 90' lang='lat' dir='ltr'>bonam</span> <span class='ocrx_word' id='word_1_235' title='bbox 463 2038 631 2064; x_wconf 87' lang='lat' dir='ltr'>causam</span> <span class='ocrx_word' id='word_1_236' title='bbox 675 2025 830 2065; x_wconf 78' lang='lat' dir='ltr'>habet?</span> <span class='ocrx_word' id='word_1_237' title='bbox 885 2026 1152 2078; x_wconf 84' lang='lat' dir='ltr'>respiciamus</span> <span class='ocrx_word' id='word_1_238' title='bbox 1195 2027 1389 2077; x_wconf 87' lang='lat' dir='ltr'>quotiens</span> <span class='ocrx_word' id='word_1_239' title='bbox 1432 2024 1716 2064; x_wconf 82' lang='lat' dir='ltr'>adulescentia</span> 
     </span>
     <span class='ocr_line' id='line_1_31' title="bbox 85 2094 1715 2149; baseline 0.001 -17"><span class='ocrx_word' id='word_1_240' title='bbox 85 2099 228 2134; x_wconf 88' lang='lat' dir='ltr'>nostra</span> <span class='ocrx_word' id='word_1_241' title='bbox 259 2096 300 2134; x_wconf 90' lang='lat' dir='ltr'>in</span> <span class='ocrx_word' id='word_1_242' title='bbox 333 2094 471 2135; x_wconf 83' lang='lat' dir='ltr'>officio</span> <span class='ocrx_word' id='word_1_243' title='bbox 504 2109 651 2148; x_wconf 90' lang='lat' dir='ltr'>parum</span> <span class='ocrx_word' id='word_1_244' title='bbox 685 2096 859 2149; x_wconf 84' lang='lat' dir='ltr'>diligens</span> <span class='ocrx_word' id='word_1_245' title='bbox 892 2096 1024 2145; x_wconf 87' lang='lat' dir='ltr'>fuerit,</span> <span class='ocrx_word' id='word_1_246' title='bbox 1056 2099 1095 2136; x_wconf 91' lang='lat' dir='ltr'>in</span> <span class='ocrx_word' id='word_1_247' title='bbox 1118 2110 1314 2136; x_wconf 88' lang='lat' dir='ltr'>sermone</span> <span class='ocrx_word' id='word_1_248' title='bbox 1336 2109 1483 2148; x_wconf 89' lang='lat' dir='ltr'>parum</span> <span class='ocrx_word' id='word_1_249' title='bbox 1508 2095 1715 2141; x_wconf 87' lang='lat' dir='ltr'>modesta,</span> 
     </span>
     <span class='ocr_line' id='line_1_32' title="bbox 84 2166 1715 2219; baseline 0 -16"><span class='ocrx_word' id='word_1_250' title='bbox 84 2166 124 2204; x_wconf 91' lang='lat' dir='ltr'>in</span> <span class='ocrx_word' id='word_1_251' title='bbox 157 2167 252 2205; x_wconf 91' lang='lat' dir='ltr'>uino</span> <span class='ocrx_word' id='word_1_252' title='bbox 286 2179 433 2218; x_wconf 89' lang='lat' dir='ltr'>parum</span> <span class='ocrx_word' id='word_1_253' title='bbox 467 2173 717 2218; x_wconf 83' lang='lat' dir='ltr'>temperans.</span> <span class='ocrx_word' id='word_1_254' title='bbox 781 2170 813 2207; x_wconf 86' lang='lat' dir='ltr'>si</span> <span class='ocrx_word' id='word_1_255' title='bbox 846 2170 973 2207; x_wconf 87' lang='lat' dir='ltr'>iratus</span> <span class='ocrx_word' id='word_1_256' title='bbox 1007 2174 1087 2216; x_wconf 85' lang='lat' dir='ltr'>est,</span> <span class='ocrx_word' id='word_1_257' title='bbox 1131 2169 1279 2207; x_wconf 90' lang='lat' dir='ltr'>demus</span> <span class='ocrx_word' id='word_1_258' title='bbox 1312 2166 1366 2207; x_wconf 91' lang='lat' dir='ltr'>illi</span> <span class='ocrx_word' id='word_1_259' title='bbox 1398 2169 1599 2219; x_wconf 88' lang='lat' dir='ltr'>spatium,</span> <span class='ocrx_word' id='word_1_260' title='bbox 1631 2179 1715 2218; x_wconf 92' lang='lat' dir='ltr'>quo</span> 
     </span>
     <span class='ocr_line' id='line_1_33' title="bbox 86 2236 1717 2291; baseline 0.001 -16"><span class='ocrx_word' id='word_1_261' title='bbox 86 2237 289 2288; x_wconf 85' lang='lat' dir='ltr'>dispicere</span> <span class='ocrx_word' id='word_1_262' title='bbox 333 2238 431 2288; x_wconf 89' lang='lat' dir='ltr'>quid</span> <span class='ocrx_word' id='word_1_263' title='bbox 465 2236 607 2278; x_wconf 86' lang='lat' dir='ltr'>fecerit</span> <span class='ocrx_word' id='word_1_264' title='bbox 639 2240 795 2290; x_wconf 82' lang='lat' dir='ltr'>possit:</span> <span class='ocrx_word' id='word_1_265' title='bbox 854 2241 942 2291; x_wconf 89' lang='lat' dir='ltr'>ipse</span> <span class='ocrx_word' id='word_1_266' title='bbox 976 2252 1019 2278; x_wconf 84' lang='lat' dir='ltr'>se</span> <span class='ocrx_word' id='word_1_267' title='bbox 1053 2239 1287 2291; x_wconf 87' lang='lat' dir='ltr'>castigabit.</span> <span class='ocrx_word' id='word_1_268' title='bbox 1351 2239 1530 2291; x_wconf 88' lang='lat' dir='ltr'>denique</span> <span class='ocrx_word' id='word_1_269' title='bbox 1562 2237 1717 2276; x_wconf 85' lang='lat' dir='ltr'>debeat</span> 
     </span>
    </p>
   </div>
   <div class='ocr_carea' id='block_1_12' title="bbox 39 2308 1716 2361">
    <p class='ocr_par' dir='ltr' id='par_1_13' title="bbox 39 2308 1716 2361">
     <span class='ocr_line' id='line_1_34' title="bbox 39 2308 1716 2361; baseline 0.001 -15"><span class='ocrx_word' id='word_1_270' title='bbox 39 2339 45 2347; x_wconf 85' lang='lat'><em>.</em></span> <span class='ocrx_word' id='word_1_271' title='bbox 85 2320 273 2359; x_wconf 89' lang='lat' dir='ltr'>poenas:</span> <span class='ocrx_word' id='word_1_272' title='bbox 319 2321 403 2347; x_wconf 91' lang='lat' dir='ltr'>non</span> <span class='ocrx_word' id='word_1_273' title='bbox 436 2314 499 2348; x_wconf 85' lang='lat' dir='ltr'>est</span> <span class='ocrx_word' id='word_1_274' title='bbox 531 2310 647 2361; x_wconf 91' lang='lat' dir='ltr'>quod</span> <span class='ocrx_word' id='word_1_275' title='bbox 681 2323 773 2349; x_wconf 87' lang='lat' dir='ltr'>cum</span> <span class='ocrx_word' id='word_1_276' title='bbox 807 2309 875 2349; x_wconf 92' lang='lat' dir='ltr'>illo</span> <span class='ocrx_word' id='word_1_277' title='bbox 910 2311 1025 2361; x_wconf 87' lang='lat' dir='ltr'>paria</span> <span class='ocrx_word' id='word_1_278' title='bbox 1057 2309 1268 2349; x_wconf 79' lang='lat' dir='ltr'>faciamus,</span> <span class='ocrx_word' id='word_1_279' title='bbox 1330 2308 1429 2349; x_wconf 87' lang='lat' dir='ltr'>illud</span> <span class='ocrx_word' id='word_1_280' title='bbox 1463 2322 1547 2348; x_wconf 87' lang='lat' dir='ltr'>non</span> <span class='ocrx_word' id='word_1_281' title='bbox 1580 2309 1716 2348; x_wconf 91' lang='lat' dir='ltr'>ueniet</span> 
     </span>
    </p>
   </div>
   <div class='ocr_carea' id='block_1_13' title="bbox 85 2378 1718 2572">
    <p class='ocr_par' dir='ltr' id='par_1_14' title="bbox 85 2378 1718 2572">
     <span class='ocr_line' id='line_1_35' title="bbox 85 2378 1716 2431; baseline 0 -14"><span class='ocrx_word' id='word_1_282' title='bbox 85 2378 123 2416; x_wconf 92' lang='lat' dir='ltr'>in</span> <span class='ocrx_word' id='word_1_283' title='bbox 167 2378 362 2426; x_wconf 90' lang='lat' dir='ltr'>dubium,</span> <span class='ocrx_word' id='word_1_284' title='bbox 411 2380 508 2431; x_wconf 88' lang='lat' dir='ltr'>quin</span> <span class='ocrx_word' id='word_1_285' title='bbox 550 2393 595 2419; x_wconf 86' lang='lat' dir='ltr'>se</span> <span class='ocrx_word' id='word_1_286' title='bbox 639 2381 844 2419; x_wconf 83' lang='lat' dir='ltr'>exemerit</span> <span class='ocrx_word' id='word_1_287' title='bbox 887 2380 1034 2419; x_wconf 90' lang='lat' dir='ltr'>turbae</span> <span class='ocrx_word' id='word_1_288' title='bbox 1078 2386 1120 2420; x_wconf 88' lang='lat' dir='ltr'>et</span> <span class='ocrx_word' id='word_1_289' title='bbox 1163 2379 1284 2420; x_wconf 88' lang='lat' dir='ltr'>altius</span> <span class='ocrx_word' id='word_1_290' title='bbox 1327 2381 1492 2420; x_wconf 88' lang='lat' dir='ltr'>steterit</span> <span class='ocrx_word' id='word_1_291' title='bbox 1534 2380 1716 2431; x_wconf 82' lang='lat' dir='ltr'>quisquis</span> 
     </span>
     <span class='ocr_line' id='line_1_36' title="bbox 86 2449 1718 2503; baseline 0 -15"><span class='ocrx_word' id='word_1_292' title='bbox 86 2449 284 2501; x_wconf 85' lang='lat' dir='ltr'>despexit</span> <span class='ocrx_word' id='word_1_293' title='bbox 317 2449 579 2490; x_wconf 78' lang='lat' dir='ltr'>lacessentis:</span> <span class='ocrx_word' id='word_1_294' title='bbox 636 2453 851 2503; x_wconf 85' lang='lat' dir='ltr'>proprium</span> <span class='ocrx_word' id='word_1_295' title='bbox 885 2458 948 2490; x_wconf 86' lang='lat' dir='ltr'>est</span> <span class='ocrx_word' id='word_1_296' title='bbox 983 2452 1278 2503; x_wconf 84' lang='lat' dir='ltr'>magnitudinis</span> <span class='ocrx_word' id='word_1_297' title='bbox 1311 2463 1434 2490; x_wconf 91' lang='lat' dir='ltr'>uerae</span> <span class='ocrx_word' id='word_1_298' title='bbox 1457 2464 1540 2489; x_wconf 92' lang='lat' dir='ltr'>non</span> <span class='ocrx_word' id='word_1_299' title='bbox 1563 2451 1718 2489; x_wconf 87' lang='lat' dir='ltr'>sentire</span> 
     </span>
     <span class='ocr_line' id='line_1_37' title="bbox 85 2521 1716 2572; baseline -0.001 -13"><span class='ocrx_word' id='word_1_300' title='bbox 85 2533 131 2559; x_wconf 86' lang='lat' dir='ltr'>se</span> <span class='ocrx_word' id='word_1_301' title='bbox 162 2533 416 2572; x_wconf 84' lang='lat' dir='ltr'>percussum.</span> <span class='ocrx_word' id='word_1_302' title='bbox 478 2523 536 2560; x_wconf 89' lang='lat' dir='ltr'>sic</span> <span class='ocrx_word' id='word_1_303' title='bbox 568 2523 746 2561; x_wconf 81' lang='lat' dir='ltr'>inmanis</span> <span class='ocrx_word' id='word_1_304' title='bbox 782 2522 868 2561; x_wconf 86' lang='lat' dir='ltr'>fera</span> <span class='ocrx_word' id='word_1_305' title='bbox 900 2522 952 2562; x_wconf 90' lang='lat' dir='ltr'>ad</span> <span class='ocrx_word' id='word_1_306' title='bbox 985 2522 1182 2562; x_wconf 79' lang='lat' dir='ltr'>latratum</span> <span class='ocrx_word' id='word_1_307' title='bbox 1212 2535 1360 2561; x_wconf 86' lang='lat' dir='ltr'>canum</span> <span class='ocrx_word' id='word_1_308' title='bbox 1383 2521 1496 2561; x_wconf 88' lang='lat' dir='ltr'>lenta</span> <span class='ocrx_word' id='word_1_309' title='bbox 1519 2522 1716 2572; x_wconf 78' lang='lat' dir='ltr'>respexit.</span> 
     </span>
    </p>
   </div>
   <div class='ocr_carea' id='block_1_14' title="bbox 88 2697 1715 2884">
    <p class='ocr_par' dir='ltr' id='par_1_15' title="bbox 88 2697 1715 2884">
     <span class='ocr_line' id='line_1_38' title="bbox 92 2697 1575 2741; baseline -0.001 -11"><span class='ocrx_word' id='word_1_310' title='bbox 92 2697 106 2730; x_wconf 90' lang='lat' dir='ltr'>l</span> <span class='ocrx_word' id='word_1_311' title='bbox 136 2697 300 2729; x_wconf 76' lang='lat' dir='ltr'>lacessitur</span> <span class='ocrx_word' id='word_1_312' title='bbox 329 2698 351 2740; x_wconf 92' lang='lat' dir='ltr'>(i</span> <span class='ocrx_word' id='word_1_313' title='bbox 378 2708 484 2740; x_wconf 60' lang='lat' dir='ltr'>corr„</span> <span class='ocrx_word' id='word_1_314' title='bbox 508 2697 580 2741; x_wconf 76' lang='lat' dir='ltr'>snit</span> <span class='ocrx_word' id='word_1_315' title='bbox 606 2699 635 2731; x_wconf 51' lang='lat' dir='ltr'>cl</span> <span class='ocrx_word' id='word_1_316' title='bbox 781 2699 936 2740; x_wconf 80' lang='lat' dir='ltr'>numquid</span> <span class='ocrx_word' id='word_1_317' title='bbox 963 2699 997 2738; x_wconf 80' lang='lat' dir='ltr'>(d</span> <span class='ocrx_word' id='word_1_318' title='bbox 1025 2708 1074 2731; x_wconf 63' lang='lat' dir='ltr'>(w</span> <span class='ocrx_word' id='word_1_319' title='bbox 1102 2702 1110 2728; x_wconf 82' lang='lat' dir='ltr'>l</span> <span class='ocrx_word' id='word_1_320' title='bbox 1138 2700 1246 2739; x_wconf 71' lang='lat' dir='ltr'>corr.)</span> <span class='ocrx_word' id='word_1_321' title='bbox 1398 2700 1417 2731; x_wconf 73' lang='lat'>&#39;2</span> <span class='ocrx_word' id='word_1_322' title='bbox 1447 2699 1575 2739; x_wconf 80' lang='lat' dir='ltr'>impunc</span> 
     </span>
     <span class='ocr_line' id='line_1_39' title="bbox 158 2752 960 2769; baseline 0 -1"><span class='ocrx_word' id='word_1_323' title='bbox 158 2752 175 2768; x_wconf 80' lang='lat' dir='ltr'>U</span> <span class='ocrx_word' id='word_1_324' title='bbox 903 2753 960 2769; x_wconf 74' lang='lat' dir='ltr'>(UO</span> 
     </span>
     <span class='ocr_line' id='line_1_40' title="bbox 88 2754 1550 2824; baseline 0.002 -14"><span class='ocrx_word' id='word_1_325' title='bbox 88 2782 107 2810; x_wconf 55' lang='grc' dir='ltr'>Εἰ</span> <span class='ocrx_word' id='word_1_326' title='bbox 135 2780 256 2821; x_wconf 80' lang='lat' dir='ltr'>uoltum</span> <span class='ocrx_word' id='word_1_327' title='bbox 368 2776 371 2779; x_wconf 72' lang='lat'>,</span> <span class='ocrx_word' id='word_1_328' title='bbox 396 2780 415 2813; x_wconf 73' lang='lat'><strong>7</strong></span> <span class='ocrx_word' id='word_1_329' title='bbox 443 2781 658 2822; x_wconf 62' lang='lat' dir='ltr'>compedibus</span> <span class='ocrx_word' id='word_1_330' title='bbox 810 2781 845 2814; x_wconf 66' lang='grc'>1-1</span> <span class='ocrx_word' id='word_1_331' title='bbox 879 2754 1011 2822; x_wconf 59' lang='grc' dir='ltr'>Ῐ)01ιιῑηι];</span> <span class='ocrx_word' id='word_1_332' title='bbox 1167 2781 1243 2812; x_wconf 84' lang='lat' dir='ltr'>illud</span> <span class='ocrx_word' id='word_1_333' title='bbox 1270 2780 1305 2824; x_wconf 87' lang='lat' dir='ltr'>(d</span> <span class='ocrx_word' id='word_1_334' title='bbox 1331 2790 1380 2814; x_wconf 59' lang='lat'><em>1¹41:</em></span> <span class='ocrx_word' id='word_1_335' title='bbox 1406 2788 1415 2811; x_wconf 89' lang='lat' dir='ltr'>t</span> <span class='ocrx_word' id='word_1_336' title='bbox 1443 2781 1550 2821; x_wconf 70' lang='lat' dir='ltr'>corr.)</span> 
     </span>
     <span class='ocr_line' id='line_1_41' title="bbox 91 2835 1715 2884; baseline -0.001 -15"><span class='ocrx_word' id='word_1_337' title='bbox 91 2839 131 2871; x_wconf 59' lang='lat' dir='ltr'>lz&#39;]</span> <span class='ocrx_word' id='word_1_338' title='bbox 159 2835 343 2882; x_wconf 54' lang='lat' dir='ltr'>delinquere</span> <span class='ocrx_word' id='word_1_339' title='bbox 450 2837 492 2872; x_wconf 82' lang='grc'>18</span> <span class='ocrx_word' id='word_1_340' title='bbox 519 2842 583 2872; x_wconf 60' lang='lat' dir='ltr'>ta*</span> <span class='ocrx_word' id='word_1_341' title='bbox 712 2839 755 2871; x_wconf 64' lang='lat'>21]</span> <span class='ocrx_word' id='word_1_342' title='bbox 784 2840 922 2871; x_wconf 85' lang='lat' dir='ltr'>incurrat</span> <span class='ocrx_word' id='word_1_343' title='bbox 950 2838 1076 2884; x_wconf 80' lang='lat' dir='ltr'>Neap.:</span> <span class='ocrx_word' id='word_1_344' title='bbox 1107 2843 1254 2871; x_wconf 81' lang='lat' dir='ltr'>occurrat</span> <span class='ocrx_word' id='word_1_345' title='bbox 1383 2838 1428 2873; x_wconf 72' lang='lat'>30</span> <span class='ocrx_word' id='word_1_346' title='bbox 1455 2840 1532 2869; x_wconf 85' lang='lat' dir='ltr'>illud</span> <span class='ocrx_word' id='word_1_347' title='bbox 1560 2838 1594 2880; x_wconf 62' lang='lat' dir='ltr'>(il</span> <span class='ocrx_word' id='word_1_348' title='bbox 1621 2846 1715 2871; x_wconf 72' lang='lat' dir='ltr'>corr.</span> 
     </span>
    </p>
   </div>
   <div class='ocr_carea' id='block_1_15' title="bbox 87 2896 1351 2940">
    <p class='ocr_par' dir='ltr' id='par_1_16' title="bbox 87 2896 1351 2940">
     <span class='ocr_line' id='line_1_42' title="bbox 87 2896 1351 2940; baseline -0.002 -9"><span class='ocrx_word' id='word_1_349' title='bbox 87 2907 136 2931; x_wconf 67' lang='lat' dir='ltr'>ea·</span> <span class='ocrx_word' id='word_1_350' title='bbox 163 2898 186 2940; x_wconf 85' lang='lat' dir='ltr'>t)</span> <span class='ocrx_word' id='word_1_351' title='bbox 332 2897 372 2931; x_wconf 75' lang='lat'>31</span> <span class='ocrx_word' id='word_1_352' title='bbox 402 2899 571 2930; x_wconf 76' lang='lat' dir='ltr'>exsemeril</span> <span class='ocrx_word' id='word_1_353' title='bbox 718 2898 761 2931; x_wconf 71' lang='lat'>33</span> <span class='ocrx_word' id='word_1_354' title='bbox 789 2909 822 2929; x_wconf 76' lang='lat' dir='ltr'>se</span> <span class='ocrx_word' id='word_1_355' title='bbox 848 2908 1031 2939; x_wconf 64' lang='lat' dir='ltr'>percussum</span> <span class='ocrx_word' id='word_1_356' title='bbox 1063 2896 1134 2930; x_wconf 52' lang='lat' dir='ltr'>EQ:</span> <span class='ocrx_word' id='word_1_357' title='bbox 1164 2908 1351 2940; x_wconf 78' lang='lat' dir='ltr'>sepcussum</span> 
     </span>
    </p>
   </div>
   <div class='ocr_carea' id='block_1_16' title="bbox 1738 903 1766 927">
    <p class='ocr_par' dir='ltr' id='par_1_17' title="bbox 1738 903 1766 927">
     <span class='ocr_line' id='line_1_43' title="bbox 1738 903 1766 927; baseline -0.071 0"><span class='ocrx_word' id='word_1_358' title='bbox 1738 903 1766 927; x_wconf 81' lang='grc'>10</span> 
     </span>
    </p>
   </div>
   <div class='ocr_carea' id='block_1_17' title="bbox 1737 1610 1768 1634">
    <p class='ocr_par' dir='ltr' id='par_1_18' title="bbox 1737 1610 1768 1634">
     <span class='ocr_line' id='line_1_44' title="bbox 1737 1610 1768 1634; baseline 0.032 -3"><span class='ocrx_word' id='word_1_359' title='bbox 1737 1610 1768 1634; x_wconf 62' lang='lat'>21)</span> 
     </span>
    </p>
   </div>
   <div class='ocr_carea' id='block_1_18' title="bbox 1737 2320 1769 2341">
    <p class='ocr_par' dir='ltr' id='par_1_19' title="bbox 1737 2320 1769 2341">
     <span class='ocr_line' id='line_1_45' title="bbox 1737 2320 1769 2341; baseline 0 0"><span class='ocrx_word' id='word_1_360' title='bbox 1737 2320 1769 2341; x_wconf 70' lang='lat'>:30</span> 
     </span>
    </p>
   </div>
  </div>
 </body>
</html>
