2008 3221
234 104 288 141 '74
710 99 813 126 DIAL.
836 100 885 127 IV.
925 99 979 124 DE
999 99 1068 124 IRA
1089 98 1161 126 LIB.
1183 98 1221 125 11.
1261 98 1376 125 24—2iz.

232 196 501 248 obiurgemus
533 196 834 236 credulitatem.
897 196 1001 235 haec
1033 196 1143 234 enim
1177 195 1394 247 castigatio
1427 195 1772 235 consuetudinem
1805 195 1860 235 ef-

230 266 339 306 ficiet
371 280 455 305 non
488 265 604 305 facile
637 267 845 306 credendi.

349 336 487 376 XXV.
548 337 652 376 Inde
694 343 736 376 et
777 336 877 377 illud
919 337 1122 389 sequitur,
1177 341 1221 376 ut
1264 336 1442 376 minimis
1483 336 1908 389 sordidissimisquei

230 408 353 447 rebus
385 420 468 446 non
501 408 814 447 exacerbemur.
877 421 1026 461 parum
1058 407 1175 460 agilis
1214 413 1278 447 est
1308 420 1411 459 puer
1441 413 1513 446 aut
1543 407 1724 461 tepidior
1754 420 1863 460 aqua

194 496 208 518 f»
229 484 381 531 poturo
414 483 485 517 aut
516 478 707 517 turbatus
739 485 856 518 torus
888 485 958 518 aut
992 492 1137 518 mensa
1168 477 1456 530 neglegentius
1488 478 1648 532 posita:
1697 479 1752 518 ad
1784 478 1862 517 ista

177 846 206 871 10

174 1199 203 1224 15

171 1557 203 1581 2⁰

171 2262 203 2283 2'1‘·

229 549 424 589 concitari
457 549 612 588 insania
643 556 717 589 est.
780 563 907 602 aeger
945 556 987 589 et
1019 549 1186 590 infelicis
1220 548 1467 588 ualetudinis
1509 554 1572 588 est
1603 562 1730 601 quem
1761 547 1863 588 leuis

228 634 326 659 aura
359 619 580 668 contraxit,
613 619 765 660 adfecti
798 621 904 660 oculi
936 635 1042 674 quos
1075 619 1252 660 candida
1282 620 1409 659 uestis
1441 619 1695 668 obturbauit‚
1729 619 1860 659 disso—

226 690 336 730 lutus
381 690 534 731 deliciis
576 691 689 730 cuius
737 690 844 730 latus
896 691 1031 731 alieno
1073 690 1219 731 labore
1272 689 1498 730 condoluit.
1571 690 1857 741 Mindyridem
1889 698 1911 732 2

227 761 339 800 aiunt
371 761 494 801 fuisse
539 775 593 800 ex
626 760 917 814 Sybaritarum
961 762 1137 802 ciuitate.
1200 762 1269 814 qui
1301 775 1396 801 cum
1428 761 1599 801 uidisset
1632 760 1860 800 fodientem

227 838 268 871 et
301 832 420 872 altius
453 839 630 872 rastrum
662 832 948 881 adleuantem,
990 833 1144 872 lassum
1187 846 1232 872 se
1264 832 1350 872 fieri
1382 838 1554 885 questus
1586 834 1717 872 uetuit
1748 830 1862 871 illum

227 916 333 955 opus
364 903 404 942 in
442 910 670 956 conspectu
702 917 777 943 suo
816 903 963 943 facere.
1024 904 1137 943 idem
1170 902 1327 943 habere
1358 916 1403 942 se
1435 904 1550 956 peius
1582 909 1754 956 questus
1787 909 1861 952 est,

226 974 342 1025 quod
394 973 499 1013 soliis
538 988 659 1013 rosae
713 973 928 1027 duplicatis
971 973 1236 1014 incubuisset.
1298 973 1368 1013 ubi
1419 975 1605 1013 animum
1656 973 1777 1014 simul
1819 980 1861 1014 et
1888 979 1908 1014 3

226 1058 376 1096 corpus
398 1044 636 1098 uoluptates
658 1059 892 1098 corrupere,
924 1044 1021 1084 nihil
1049 1043 1266 1085 tolerabile
1297 1045 1470 1092 uidetur,
1502 1058 1586 1084 non
1618 1045 1714 1098 quia
1746 1045 1860 1094 dura,

225 1115 298 1155 sed
341 1117 437 1168 quia
480 1116 616 1155 mollis
658 1117 824 1169 patitur.
893 1117 993 1168 quid
1038 1122 1101 1155 est
1134 1116 1264 1164 enim,
1308 1129 1379 1155 cur
1421 1116 1543 1155 tussis
1584 1114 1750 1156 alicuius
1792 1122 1863 1156 aut

223 1192 601 1227 sternutamentum
644 1193 714 1226 aut
756 1201 900 1226 musca
940 1201 1088 1240 parum
1122 1188 1282 1227 curiose
1326 1186 1469 1239 fugata
1500 1187 1539 1226 in
1571 1187 1730 1226 rabiem
1763 1192 1863 1239 agat

223 1263 293 1297 aut
326 1258 574 1298 obuersatus
607 1258 718 1298 canis
751 1264 821 1297 aut
865 1258 990 1297 clauis
1022 1258 1284 1310 neglegentis
1326 1258 1434 1297 serui
1467 1257 1658 1298 manibus
1692 1257 1861 1311 elapsa?

1887 1331 1908 1365 »μκ

222 1327 326 1367 feret
368 1329 445 1367 iste
488 1342 624 1381 aequo
667 1330 807 1368 animo
853 1329 968 1368 ciuile
1011 1330 1245 1369 conuicium
1294 1335 1336 1368 et
1376 1329 1539 1381 ingesta
1581 1329 1621 1368 in
1665 1329 1861 1368 contione

223 1399 386 1438 curiaue
429 1399 672 1447 maledicta,
726 1400 838 1439 cuius
881 1414 1000 1439 aures
1050 1401 1169 1439 tracti
1219 1399 1402 1439 subsellii
1454 1399 1607 1439 stridor
1658 1400 1859 1439 offendit?

222 1470 477 1521 perpetietur
518 1469 584 1509 hic
626 1469 781 1509 famem
825 1476 866 1509 et
907 1471 1092 1510 aestiuae
1120 1462 1411 1523 'expeditionis
1443 1471 1574 1518 sitim,
1617 1470 1687 1523 qui
1726 1484 1858 1523 puero

224 1539 334 1579 male
366 1539 537 1580 diluenti
569 1541 706 1580 niuem
740 1541 951 1580 irascitur?
1005 1541 1115 1580 nulla
1156 1542 1296 1594 itaque
1342 1555 1406 1580 res
1439 1542 1572 1593 magis
1603 1541 1858 1581 iracundiam

223 1610 294 1649 alit
336 1624 461 1663 quarn
506 1611 667 1651 luxuria
699 1613 981 1665 intemperans
1014 1618 1055 1651 et
1088 1613 1315 1664 inpatiens:
1364 1612 1466 1651 dure
1498 1613 1740 1652 tractandus
1772 1613 1875 1656 ani-,

223 1695 316 1721 mus
349 1689 422 1730 est,
455 1688 499 1722 ut
531 1683 659 1722 ictum
691 1697 776 1723 non
809 1684 959 1723 sentiat
991 1684 1066 1722 nisi
1098 1697 1283 1735 grauem.

341 1753 497 1793 XXVI.
542 1754 760 1793 Irascimur
793 1760 863 1794 aut
895 1755 961 1803 iis,
1004 1768 1028 1794 a
1070 1754 1219 1807 quibus
1261 1768 1313 1793 ne
1356 1754 1543 1806 accipere
1585 1754 1754 1806 quidem
1797 1754 1855 1793 in-
1890 1763 1906 1796 1

222 1823 365 1862 iuriam
409 1825 643 1876 potuimus,
687 1830 758 1864 aut
800 1826 866 1873 iis,
920 1839 944 1863 a
986 1825 1135 1877 quibus
1178 1825 1362 1877 accipere
1404 1825 1590 1864 iniuriam
1633 1825 1860 1877 potuimus.

189 1910 202 1932 π
223 1908 278 1933 ex
310 1894 515 1946 prioribus
538 1895 748 1946 quaedam
781 1896 868 1934 sine
900 1909 1022 1934 sensu
1054 1902 1160 1943 sunt,
1194 1902 1237 1934 ut
1269 1895 1383 1943 liber,
1416 1908 1541 1947 quem
1571 1896 1860 1935 minutioribus
1886 1904 1907 1938 2

223 1965 366 2004 litteris
408 1966 606 2018 scriptum
649 1980 775 2018 saepe
817 1967 1069 2019 proiecimus
1112 1972 1154 2006 et
1197 1966 1449 2005 mendosum
1481 1965 1773 2014 lacerauimus,
1815 1972 1861 2005 ut

222 2037 493 2084 uestimenta,
537 2050 665 2088 quae,
709 2037 804 2090 quia
846 2037 1143 2089 displicebant,
1196 2037 1402 2076 scidimus.
1466 2036 1528 2076 his
1573 2037 1690 2076 irasci
1731 2051 1858 2089 quam

221 2106 392 2145 stultum
429 2112 512 2155 est,
556 2121 662 2159 quae
694 2109 796 2147 iram
820 2114 1007 2147 nostram
1040 2121 1118 2147 nec
1150 2113 1390 2147 meruerunt
1422 2121 1499 2147 nec
1531 2109 1742 2147 sentiunt?
1782 2108 1857 2147 sed
1884 2114 1904 2148 3

224 2177 441 2217 offendunt
474 2191 551 2217 nos
584 2178 776 2218 uidelicet
808 2179 877 2231 qui
908 2179 975 2218 illa
1007 2178 1203 2218 fecerunt.
1265 2179 1446 2231 primum
1476 2192 1603 2232 saepe
1631 2184 1857 2232 antequam

225 2247 307 2287 hoc
339 2247 449 2301 apud
482 2262 558 2287 nos
592 2250 895 2300 distinguamus
927 2248 1149 2289 irascimur.
1200 2250 1352 2289 deinde
1374 2248 1551 2289 fortasse
1582 2249 1658 2301 ipsi
1690 2262 1858 2302 quoque

224 2317 401 2358 artifices
454 2321 745 2359 excusationes
787 2321 914 2359 iustas
968 2319 1168 2360 adferent.
1239 2320 1338 2359 alius
1391 2334 1473 2358 non
1525 2320 1661 2372 potuit
1713 2319 1858 2359 melius

234 2472 239 2503 Ἰ
269 2473 531 2512 castigasgigatio
670 2474 688 2503 :3
717 2473 797 2504 illud
825 2473 859 2514 (d
887 2472 998 2514 corr.)
1137 2471 1157 2504 4'
1185 2473 1326 2513 tepidior
1353 2483 1436 2513 aqua
1465 2454 1515 2515 (or
1542 2483 1560 2502 a
1586 2471 1620 2505 in
1648 2471 1737 2514 ras.)

225 2530 243 2558 5.
273 2532 415 2561 turbatus
445 2519 529 2562 thor'
560 2528 655 2574 (thor'
686 2530 720 2563 l'n
748 2531 837 2573 νας.)
971 2533 990 2561 Γ»
1017 2542 1094 2571 eger
1223 2531 1408 2562 ualitudinis
1436 2532 1458 2572 (i
1482 2530 1602 2575 prima
1628 2531 1737 2573 (5077'.)

230 2589 240 2621 ἶ
272 2590 378 2620 affecti
407 2589 524 2633 (prior
551 2590 565 2620 f
588 2590 698 2632 corr.)
796 2591 983 2621 obturbauit
1010 2587 1165 2622 Mic'ller:
1195 2590 1349 2621 obturbat
1455 2589 1492 2621 11⁷»
1519 2590 1711 2621 alleuantem
1738 2589 1858 2634 (prior

224 2648 233 2678 l
260 2649 370 2689 corr.)
519 2648 548 2680 ll
583 2650 668 2679 idem
696 2649 818 2680 habere
844 2660 878 2680 se
904 2649 993 2690 peius
1021 2646 1184 2692 Mallm'q,
1212 2648 1298 2679 idem
1327 2648 1397 2681 iam.
1424 2645 1609 2681 Illurelus:
1640 2648 1707 2681 bile
1735 2649 1857 2680 habere

225 2707 330 2748 sepius
358 2707 439 2748 (bilc-
467 2693 561 2740 ι’ὀνν.
589 2707 624 2740 in
651 2708 739 2750 ras.)
873 2708 908 2741 1⁴2
934 2718 1007 2739 rose
1034 2707 1064 2748 (e
1091 2707 1201 2749 corr.)
1325 2707 1357 2739 li
1388 2718 1443 2738 cur
1461 2708 1552 2738 tussis
1580 2709 1679 2749 (curt
1706 2707 1741 2740 in
1767 2709 1854 2749 ras.)

359 2765 393 2798 l?
422 2767 480 2797 iste
506 2767 527 2806 (i
554 2767 664 2809 corr.)
812 2768 847 2799 13³
875 2768 973 2808 estiue
1000 2766 1030 2808 (e
1058 2766 1169 2808 corr.)
1293 2767 1336 2799 *233
1365 2777 1403 2797 ne
1430 2767 1580 2807 accipere
1606 2767 1737 2808 quidem
1764 2765 1854 2810 cod„

224 2836 280 2856 nee
309 2825 458 2866 accipme
486 2824 592 2869 nulqo
690 2826 734 2857 :w
761 2830 835 2867 aput
933 2825 974 2859 :31
1005 2826 1137 2856 asserent
