1977 3231
412 111 516 136 DIAL.
532 110 568 137 X.
607 112 662 137 AD
683 111 886 137 PAVLINVM
910 112 960 137 DE
980 112 1205 138 BREVITATE
1225 113 1352 140 VITAE.
1390 117 1416 142 9.
1441 115 1481 140 10.
1674 117 1751 155 231

142 207 428 258 occupaueriS,
471 213 612 246 tamen
647 207 784 259 fugiet.
847 208 985 260 itaque
1018 222 1111 247 cum
1144 208 1353 248 celeritate
1386 210 1586 261 temporis
1618 210 1759 248 utendi

142 277 362 316 uelocitate
403 278 646 316 certandum
691 284 753 316 est
797 284 839 318 et
871 278 982 318 uelut
1015 292 1068 317 ex
1103 281 1274 319 torrenti
1309 280 1455 330 rapido
1489 293 1564 319 1166
1595 292 1760 330 semper

94 358 113 388 :5
140 347 246 386 ituro
280 349 362 386 cito
395 347 678 387 hauriendum.
742 348 823 387 hoc
853 362 1022 400 quoque
1044 348 1318 400 pulcherrime
1340 351 1392 388 ad
1417 350 1758 402 exprobrandam

141 417 339 456 infinitam
373 418 685 469 cogitationem,
718 420 833 470 quod
865 432 949 458 non
982 419 1186 470 optimam
1219 432 1428 471 quamque
1460 425 1653 467 aetatem,
1685 420 1760 458 sed

141 487 251 526 diem
285 487 394 527 dicit.
456 488 554 540 quid
587 502 754 527 securus
787 494 828 528 et
860 489 899 527 in
922 495 1038 529 tanta
1061 495 1299 541 temporum
1323 489 1419 540 fuga
1442 489 1574 529 lentus
1596 503 1760 528 menses

140 557 214 596 tibi
257 563 299 596 et
340 571 471 597 annos
514 565 555 597 et
596 558 767 611 longam
812 561 983 606 seriem,
1027 565 1252 611 utcumque
1283 560 1468 599 auiditati
1501 566 1597 599 tuae
1628 560 1760 599 uisum

140 633 224 674 est,
266 630 524 680 exporrigis?
579 630 632 668 de
675 630 741 669 die
783 636 921 668 tecum
960 629 1140 681 loquitur
1173 635 1213 668 et
1246 630 1298 668 de
1331 629 1413 668 hoc
1445 630 1534 681 ipso
1568 629 1759 680 fugiente.

94 706 224 740 411011
267 698 439 738 dubium
483 705 546 738 est
587 713 711 751 ergo,
755 700 851 751 quin
894 701 1055 752 optima
1097 713 1286 751 quaeque
1329 701 1417 739 dies
1460 701 1591 751 prima
1634 699 1762 751 fugiat

142 769 387 808 mortalibus
420 770 588 817 miseris,
620 771 662 809 id
692 777 754 810 est
784 771 1020 822 occupatis:
1058 783 1235 822 quorum
1258 769 1420 821 puerilis
1442 770 1578 809 adhuc
1601 772 1760 809 animos

139 846 330 879 senectus
363 840 570 892 opprimit,
603 841 656 879 ad
689 854 813 892 quam
846 841 1021 892 inparati
1053 841 1313 891 inermesque
1346 840 1601 892 perueniunt.
1664 839 1761 878 nihil

140 910 249 949 enim
291 912 503 962 prouisum
544 916 630 949 est:
677 911 815 950 subito
848 911 887 949 in
919 911 1028 950 illam
1062 911 1359 962 necopinantes
1391 911 1633 950 inciderunt.
1695 924 1759 949 ac-

94 988 112 1018 ῐι
140 980 289 1019 cedere
331 993 424 1020 eam
468 981 621 1020 cotidie
663 994 747 1019 non
789 981 1036 1020 sentiebant.
1109 981 1470 1033 quemadmodum
1512 987 1582 1020 aut
1623 994 1762 1020 sermo

139 1056 210 1090 aut
251 1050 374 1090 lectio
417 1057 488 1090 aut
530 1050 666 1103 aliqua
707 1053 904 1090 intentior
946 1051 1146 1102 cogitatio
1189 1052 1265 1091 iter
1308 1050 1492 1090 facientis
1536 1051 1688 1102 decipit
1719 1058 1762 1091 et

139 1121 375 1174 peruenisse
418 1135 462 1160 se
504 1127 601 1161 ante
643 1121 825 1160 sentiunt
867 1135 991 1173 quam
1035 1122 1417 1173 adpropinquasse:
1465 1121 1522 1160 sic
1565 1121 1645 1160 1106
1687 1122 1762 1160 iter

140 1192 247 1230 uitae
270 1192 489 1231 adsiduum
513 1198 555 1232 et
577 1192 875 1239 citatissimum,
898 1193 1011 1243 quod
1029 1191 1240 1243 uigilantes
1256 1192 1595 1242 dormientesque
1609 1192 1761 1230 eodem

139 1262 272 1313 gradu
304 1261 486 1310 facimus,
518 1254 731 1315 occupatis
763 1276 847 1301 non
880 1268 1054 1313 apparet
1087 1262 1160 1301 nisi
1192 1263 1232 1301 in
1264 1261 1355 1300 fine.

98 1339 111 1373 1
258 1332 309 1371 X.
353 1332 481 1385 Quod
514 1334 714 1385 proposui
747 1334 778 1372 si
812 1333 851 1371 in
883 1339 1022 1383 partes
1057 1333 1179 1371 uelim
1213 1338 1254 1371 et
1286 1338 1534 1383 argumenta
1557 1331 1761 1378 diducere,

141 1403 272 1443 multa
313 1403 412 1442 mihi
455 1410 692 1451 occurrent,
735 1417 810 1455 per
848 1416 956 1455 quae
988 1403 1166 1455 probem
1199 1402 1485 1442 breuissimam
1519 1415 1609 1441 esse
1641 1415 1761 1441 occu-

140 1481 335 1527 patorum
369 1474 508 1513 uitam.
569 1473 732 1513 solebat
765 1474 902 1513 dicere
935 1473 1163 1521 Fabianus,
1196 1486 1280 1512 non
1313 1486 1368 1511 ex
1399 1472 1462 1512 his
1494 1472 1763 1512 cathedrariis

141 1544 411 1597 philosophis,
444 1545 519 1583 sed
551 1557 606 1584 ex
638 1543 744 1586 ueris
777 1550 817 1583 et
849 1544 1050 1596 antiquis:
1097 1549 1240 1582 contra
1272 1542 1462 1594 adfi‘ctus
1493 1542 1648 1594 inpetu,
1683 1556 1763 1582 nme

141 1615 372 1667 squtz'lz'tale
398 1613 692 1666 pugnandum,
727 1627 798 1652 nec
819 1614 992 1652 minutis
1014 1613 1265 1661 uolneribus,
1289 1613 1368 1652 sed
1385 1614 1550 1652 incursu
1572 1619 1760 1652 (merten-

141 1686 243 1725 dam
265 1685 410 1734 aciem,
426 1699 504 1724 mm
518 1684 701 1736 probam
725 1684 1031 1723 cam'llationem
1053 1696 1162 1723 esse:
1184 1684 1373 1723 animum
1393 1683 1587 1722 contundi
1603 1682 1761 1732 debere,

142 1771 219 1796 non
251 1756 454 1796 vellicari.
519 1762 660 1795 tamen
693 1762 738 1795 ut
770 1754 844 1794 illis
875 1768 989 1794 error
1017 1754 1297 1807 exprobretur
1318 1768 1424 1802 suus,
1458 1753 1647 1801 docendi,
1680 1767 1764 1792 non

96 1833 115 1865 (ᾧ

142 1834 303 1868 tanturn
336 1826 583 1879 deplorandi
614 1832 719 1865 sunt.
782 1825 820 1864 in
853 1826 929 1864 tria
959 1831 1152 1877 tempora
1182 1826 1266 1864 uita
1287 1824 1504 1864 diuiditur:
1541 1825 1655 1875 quod
1678 1823 1762 1871 fuit,

141 1900 256 1952 quod
299 1904 382 1945 est,
425 1897 540 1950 quod
573 1896 763 1936 ‘futurum
807 1902 881 1935 est.
928 1908 1000 1934 ‘ex
1043 1895 1105 1934 his
1146 1896 1260 1947 quod
1303 1895 1485 1946 agimus,
1529 1895 1656 1934 breue
1688 1900 1762 1941 est,
1805 1913 1817 1927 v

142 1969 258 2021 quod
289 1968 418 2007 acturi
449 1980 602 2014 sumus,
636 1966 821 2013 dubium,
853 1965 968 2017 quod
1001 1965 1173 2017 egimuS‚
1207 1970 1375 2004 certum.
1439 1964 1519 2004 hoc
1552 1971 1614 2004 est
1643 1966 1764 2012 enim,

142 2041 181 2080 in
213 2039 328 2091 quod
358 2037 520 2077 fortuna
542 2038 601 2076 ius
623 2036 812 2088 perdidit,
845 2036 961 2088 quod
983 2036 1022 2074 in
1045 2035 1190 2075 nullius
1213 2035 1427 2074 arbitrium
1449 2036 1590 2074 reduci
1612 2041 1764 2086 potest.

143 2109 225 2149 hoc
267 2109 462 2148 amittunt
504 2107 706 2159 occupati.
769 2119 846 2145 nec
887 2106 995 2145 enim
1038 2105 1112 2145 illis
1135 2111 1264 2145 ‘uacat
1296 2106 1520 2158 praeterita
1550 2106 1764 2157 respicere,

145 2272 164 2305 4
185 2272 419 2314 cogitationem
440 2268 654 2304 deteriores:
676 2270 875 2311 cognatione
891 2267 969 2302 cod.
984 2266 1117 2311 Confer
1134 2277 1248 2313 supra
1261 2279 1299 2313 p.
1313 2270 1390 2308 230,
1406 2270 1445 2301 19
1464 2268 1678 2309 cogitationes
1697 2278 1767 2298 suas

146 2332 178 2362 in
204 2332 336 2372 longum
364 2330 513 2361 ordinant
635 2328 655 2362 6
683 2329 713 2359 111
728 2329 872 2369 >longam
900 2328 1014 2358 seriem
1036 2325 1143 2361 Gertz
1165 2364 1170 2370 ·
1263 2331 1283 2355 θ’
1310 2338 1373 2358 11011
1392 2328 1524 2358 dubium
1545 2324 1763 2359 deteriores:

146 2394 192 2422 nsi
227 2390 359 2420 dubium
528 2388 651 2429 optima
686 2397 830 2428 quaeque
865 2387 932 2417 dies
967 2386 1072 2427 prima
1098 2383 1216 2424 Koch,
1250 2387 1374 2426 optima
1400 2396 1544 2427 quaeque
1569 2385 1674 2426 prima
1701 2384 1767 2415 dies

148 2447 275 2482 Gertz:
305 2449 409 2489 prima
435 2457 580 2489 quaeque
605 2447 730 2487 optima
756 2446 824 2476 dies
947 2444 988 2478 14
1016 2445 1197 2486 peruenisse
1215 2455 1248 2475 se
1267 2442 1482 2478 deteriores:
1511 2444 1658 2484 puenisse

146 2508 282 2538 sentiunt
300 2504 422 2540 Koch:
451 2507 553 2537 sciunt
579 2503 657 2538 cod.
680 2502 781 2547 Cous.
805 2506 832 2543 l,
860 2505 878 2536 3
906 2515 1002 2545 quam
1031 2504 1075 2534 ire
1101 2514 1165 2534 non
1192 2503 1415 2542 intelleximus,
1442 2502 1591 2533 transisse
1617 2502 1769 2532 sentimus

265 2566 322 2596 iter
350 2566 397 2606 (er
423 2563 534 2606 corr.)
658 2563 699 2595 15
727 2563 859 2595 assidui-1
887 2563 936 2604 (as
962 2562 1071 2602 corr.)
1172 2560 1212 2593 li)
1240 2562 1440 2592 cathedraris
1560 2560 1604 2592 2⁰
1639 2560 1768 2590 affectus

147 2623 267 2668 (prior
293 2624 306 2654 s
329 2622 438 2665 corr.)
567 2622 605 2656 21
638 2622 795 2655 uulnerib:
825 2622 857 2663 (u
883 2620 942 2655 alt.
970 2621 1080 2663 corr.)
1217 2620 1261 2654 22>
1294 2631 1358 2651 non
1385 2621 1522 2662 proba*
1548 2619 1768 2651 cauillatione<

147 2687 200 2715 eni
228 2681 305 2715 cod.
333 2693 396 2714 non
423 2683 562 2724 probam
589 2682 828 2713 cauillationem
855 2691 924 2712 esse
950 2679 1112 2724 Lipsius,
1140 2678 1240 2712 cuius
1265 2678 1546 2713 emendationem
1570 2675 1769 2721 perfecisse

148 2740 233 2774 mihi
248 2739 374 2775 uideor
391 2739 560 2775 addendo
586 2741 746 2777 animuum
776 2737 823 2782 cf.
846 2738 913 2773 Gz'c.
934 2738 1002 2772 Art.
1028 2740 1077 2778 12,
1097 2740 1139 2770 44
1168 2739 1299 2769 contudi
1323 2739 1406 2768 enim
1426 2739 1567 2768 animum
1587 2740 1616 2767 et
1635 2735 1769 2766 fortasse

149 2825 231 2860 uici;
264 2822 369 2867 Verq.
400 2822 528 2867 Geory.
555 2825 588 2862 4,
616 2824 683 2855 240
710 2828 882 2853 eontunsos
909 2822 1036 2852 animos
1156 2818 1199 2852 25)
1227 2831 1263 2851 ex
1292 2796 1337 2851 his

1785 851 1813 875 10

1787 1202 1814 1226 15

1783 1553 1816 1577 20
