2008 3221
228 141 310 181 274
523 137 626 164 DIAL.
642 135 708 162 XII.
749 122 802 160 AD'
824 134 1026 161 POLYBIVM
1048 135 1100 160 DE
1121 133 1441 160 CONSOLATIONE.
1481 135 1506 161 3.
1528 136 1553 161 4.

226 235 338 275 nullo
387 233 510 274 fratre
553 233 904 285 degenerantem,
957 231 1126 272 turbare
1169 237 1210 271 et
1251 231 1338 271 sine
1380 230 1462 270 ulla
1503 244 1627 270 causa
1667 229 1851 271 delibare

227 305 416 345 uoluisti?
469 303 567 343 nihil
609 317 712 356 ergo
754 304 929 356 prodest
961 302 1196 342 innocentia
1227 303 1282 341 ad
1314 315 1485 341 omnem
1518 301 1657 352 legem
1690 307 1851 351 exacta,
1878 311 1897 343 ἴ)

225 376 321 416 nihil
363 375 533 426 antiqua
571 373 805 426 frugalitas,
849 373 945 413 nihil
977 372 1180 413 felicitatis
1213 386 1404 412 summae
1435 372 1644 425 potentia,
1689 384 1853 411 summa

226 453 471 486 conseruata
503 445 763 493 abstinentia,
796 444 892 484 nihil
924 445 1105 484 sincerus
1135 450 1177 484 et
1206 450 1320 483 tutus
1342 443 1569 483 litterarum
1593 456 1724 491 amor,
1756 441 1851 481 nihil

191 531 204 553 ἢ
226 517 279 556 ab
313 517 425 556 omni
457 516 553 555 labe
585 529 702 555 mens
735 518 913 555 uacans?
962 515 1078 568 luget
1100 514 1311 566 Polybius,
1343 519 1385 553 et
1417 515 1457 552 in
1490 527 1572 552 uno
1605 512 1729 552 fratre
1751 512 1852 564 quid

178 882 206 907 10

177 1242 207 1266 15

177 1597 210 1621 *20

227 589 280 627 de
321 587 484 639 reliquis
526 588 658 639 possit
698 591 885 626 metuere
926 586 1167 626 admonitus
1209 585 1334 624 etiam
1378 584 1431 623 de
1473 584 1569 637 ipsis
1604 583 1760 623 doloris
1792 583 1853 623 sui

225 658 385 698 solaciis
426 660 557 698 timet.
620 657 775 697 facinus
817 658 1058 709 indignum!
1115 655 1230 708 luget
1262 654 1463 707 Polybius
1495 661 1537 694 et
1569 654 1722 706 aliquid
1755 668 1851 707 pro-

225 730 326 782 pitio
370 729 485 769 dolet
518 728 708 769 Caesare.
770 727 852 767 hoc
893 729 982 767 sine
1025 727 1175 776 dubio,
1218 727 1410 780 inpotens
1454 725 1631 774 fortuna,
1665 725 1852 779 captasti,

227 807 271 840 ut
314 801 560 840 ostenderes
602 800 813 839 neminem
858 805 1005 839 contra
1047 804 1110 847 te,
1153 812 1205 837 ne
1237 812 1260 838 a
1295 797 1474 838 Caesare
1516 797 1686 852 quidem
1730 809 1856 850 posse

228 871 406 912 defendi.

344 942 416 982 IV.
472 939 511 996 [2
520 939 570 996 3.]
615 942 778 981 Diutius
816 955 1012 981 accusare
1044 941 1128 980 fata
1160 953 1405 993 possumus,
1445 945 1608 979 mutare
1640 952 1723 978 non
1756 951 1852 990 pos-
1883 949 1899 982 1

226 1027 394 1054 sumus:
450 1019 563 1052 stant
605 1013 709 1052 dura
750 1019 791 1053 et
834 1011 1115 1052 inexorabilia.
1198 1025 1324 1051 nemo
1368 1010 1433 1050 illa
1475 1010 1687 1057 conuicio,
1729 1021 1855 1048 nemo

227 1085 338 1133 fletu,
369 1097 495 1124 nemo
529 1097 653 1124 causa
686 1090 842 1123 mouet.
895 1083 991 1123 nihil
1015 1096 1215 1135 umquam
1239 1082 1306 1122 ulli
1329 1088 1506 1134 parcunt
1528 1094 1605 1120 nec
1627 1080 1856 1120 remittunt.

227 1156 403 1210 proinde
445 1169 666 1208 parcamus
707 1154 885 1194 lacrimis
926 1154 1022 1194 nihil
1063 1153 1386 1207 proficientibus.
1449 1152 1603 1192 facilius
1636 1152 1746 1191 enim
1779 1164 1856 1190 nos

227 1227 281 1267 illi
314 1225 436 1266 dolor
467 1227 543 1265 iste
576 1226 726 1265 adiciet
758 1239 883 1277 quarn
914 1225 1028 1265 illum
1051 1225 1172 1264 nobis
1195 1225 1378 1264 reducet.
1431 1225 1500 1275 qui
1523 1223 1555 1263 si
1577 1236 1654 1262 nos
1676 1228 1858 1274 torquet,

228 1312 310 1338 non
343 1298 526 1346 adiuuat,
557 1297 693 1349 primo
726 1310 895 1348 quoque
928 1302 1121 1349 tempore
1145 1296 1421 1348 deponendus
1444 1300 1508 1334 est
1531 1300 1571 1334 et
1595 1293 1647 1333 ab
1670 1293 1858 1332 inanibus

227 1368 387 1409 solaciis
429 1375 554 1420 atque
597 1381 738 1407 amara
780 1368 963 1419 quadam
1002 1367 1170 1406 libidine
1204 1365 1374 1406 dolendi
1405 1365 1566 1405 animus
1600 1363 1859 1417 recipiendus

229 1447 300 1480 est.
363 1454 461 1479 nam
504 1439 681 1479 lacrimis
724 1440 896 1487 nostris,
939 1438 1014 1477 nisi
1056 1438 1162 1478 ratio
1204 1437 1331 1476 finem
1373 1435 1534 1484 fecerit,
1576 1434 1743 1475 fortuna
1773 1448 1890 1473 non⁴

229 1511 361 1551 faciet.
425 1511 560 1550 omnis
602 1511 785 1563 agedum
829 1508 1017 1549 mortalis
1060 1508 1354 1561 circumspice:
1399 1507 1514 1559 larga
1546 1506 1699 1558 ubique
1732 1505 1858 1545 flendi

231 1589 272 1623 et
305 1583 479 1622 adsidua
508 1582 679 1622 materia
701 1587 775 1621 est.
829 1579 953 1620 alium
976 1580 1030 1619 ad
1054 1579 1309 1618 cotidianum
1334 1591 1439 1630 opus
1461 1577 1672 1616 laboriosa
1694 1580 1858 1628 egestas

230 1660 367 1702 uocat,
399 1653 522 1693 alium
557 1652 730 1692 ambitio
763 1664 992 1703 numquam
1025 1651 1163 1702 quieta
1191 1648 1394 1697 sollicitat,
1428 1648 1527 1688 alius
1551 1648 1723 1695 diuitias,
1756 1658 1859 1698 quas

231 1730 463 1777 optauerat,
496 1724 641 1764 metuit
674 1729 715 1763 et
748 1729 849 1763 uoto
882 1722 1047 1761 laborat
1079 1735 1167 1770 suo,
1200 1720 1324 1760 alium
1355 1719 1538 1759 solitudo
1563 1718 1701 1770 [alium
1724 1717 1855 1766 labor]

231 1802 421 1848 torquet,
463 1794 586 1835 alium
619 1808 786 1847 semper
818 1793 1069 1833 uestibulum
1102 1792 1300 1832 obsidens
1332 1791 1466 1831 turba.
1529 1790 1596 1829 hic
1628 1788 1783 1828 habere
1815 1800 1860 1826 se

233 1866 349 1906 dolet
390 1866 564 1914 liberos,
607 1865 672 1904 hic
714 1865 955 1918 perdidisse.
1018 1863 1211 1903 lacrimae
1243 1862 1364 1901 nobis
1397 1862 1572 1901 deerunt
1604 1867 1699 1899 ante
1732 1871 1859 1911 quam
1886 1871 1906 1905 3

1886 1448 1905 1480 ‘v

199 1953 212 1975 :3
234 1951 381 1977 causae
424 1937 602 1976 dolendi.
676 1950 759 1975 non
802 1936 940 1982 uides,
990 1934 1154 1986 qualem
1198 1933 1319 1972 nobis
1361 1932 1490 1971 uitam
1534 1945 1671 1970 rerum
1714 1936 1861 1969 natura

232 2009 480 2061 promiserit,
512 2021 619 2059 quae
651 2008 831 2059 primum
863 2006 1121 2045 nascentium
1155 2005 1372 2043 hominum
1406 2002 1549 2042 fletum
1583 2015 1673 2041 esse
1706 2000 1860 2040 uoluit?

233 2080 315 2119 hoc
346 2079 546 2132 principio
579 2079 761 2125 edimur,
793 2077 887 2116 huic
920 2077 1054 2115 omnis
1086 2076 1348 2126 sequentium
1381 2087 1587 2113 annorum
1621 2073 1727 2112 ordo
1761 2084 1859 2111 con-

234 2151 368 2189 sentit.
430 2151 489 2189 sic
521 2150 648 2188 uitam
681 2149 853 2201 agimus,
886 2148 1066 2198 ideoque
1100 2147 1320 2186 moderate
1352 2146 1392 2184 id
1421 2144 1508 2184 fieri
1532 2144 1660 2183 debet
1682 2156 1705 2182 a
1728 2142 1860 2189 nobis,

237 2338 251 2370 1
290 2339 505 2379 degenerante
536 2336 565 2370 B
685 2337 816 2368 turbare
844 2334 876 2368 B
902 2336 1093 2377 proturbare
1119 2332 1152 2368 D
1178 2334 1366 2375 perturbare
1391 2331 1427 2366 E
1552 2332 1698 2363 delibare
1729 2329 1758 2364 Β
1784 2331 1862 2362 deli-

235 2399 349 2428 berare
376 2395 445 2430 DE
610 2396 629 2427 ἴ)
664 2396 739 2437 quid
775 2396 815 2426 de
848 2395 977 2435 reliquis
1005 2392 1202 2427 Pincianus
1227 2403 1304 2426 cnm
1335 2391 1364 2425 G
1397 2392 1551 2433 quicquid
1578 2392 1618 2422 de
1645 2391 1771 2431 reliquis
1799 2387 1868 2423 DE

236 2457 386 2498 quicquid
414 2456 606 2497 derelinquis
637 2453 667 2487 B
789 2456 808 2485 13
835 2455 935 2495 possit
963 2457 1048 2484 tuere
1077 2451 1108 2485 Ε
1226 2452 1245 2483 il
1282 2463 1339 2484 nec
1367 2463 1385 2483 a
1412 2452 1532 2482 Cesare
1559 2448 1593 2483 E
1714 2448 1755 2481 ⁷12
1787 2459 1864 2480 con-

237 2517 315 2546 uitio
345 2515 376 2548 B
503 2515 539 2547 13
575 2516 628 2546 ulli
656 2522 791 2556 parcunt
818 2512 852 2547 B
877 2518 1011 2555 parcunt
1037 2513 1092 2543 ulli
1121 2510 1187 2544 DE
1308 2510 1344 2544 141
1383 2522 1443 2541 nos
1470 2511 1514 2541 illi
1542 2510 1637 2541 dolor
1663 2511 1721 2540 iste
1746 2509 1864 2540 adiciet

237 2585 333 2615 quam
361 2575 448 2605 illuni
477 2575 571 2605 nobis
597 2575 726 2605 reducet
747 2572 854 2607 Curio
880 2585 938 2604 nos
965 2574 1026 2603 illis
1051 2572 1146 2603 dolor
1164 2572 1221 2602 iste
1241 2571 1360 2601 adiciet
1377 2581 1474 2611 quam
1494 2569 1566 2600 illos
1585 2580 1603 2599 a
1622 2569 1716 2599 nobis
1735 2568 1863 2599 reducet

241 2632 272 2666 Β
297 2645 355 2664 nos
382 2634 453 2663 illos
480 2633 575 2664 dolor
601 2634 719 2664 adiciet
746 2644 842 2674 quam
870 2633 939 2663 illas
966 2643 983 2662 a
1010 2632 1104 2662 nobis
1137 2631 1287 2662 reducent
1314 2627 1346 2662 D
1372 2640 1430 2659 nos
1458 2629 1519 2659 illis
1545 2628 1640 2659 dolor
1659 2628 1716 2658 iste
1734 2627 1865 2668 adietiet

237 2694 302 2733 qut—t
329 2693 401 2723 illos
428 2692 462 2733 (ο
489 2692 523 2725 in
543 2693 631 2734 ras.)
660 2703 678 2723 a
704 2692 799 2723 nobis
826 2692 955 2723 reducet
976 2689 1011 2724 E
1135 2690 1170 2723 15
1197 2690 1283 2720 sinos
1304 2687 1337 2722 B
1463 2687 1499 2721 17
1527 2688 1570 2718 ad
1588 2697 1681 2728 quem
1703 2696 1814 2717 amara
1838 2683 1866 2718 Ι)

379 2752 543 2793 quamda3
572 2752 709 2784 libidine
738 2750 769 2784 B
923 2751 958 2783 18
993 2751 1051 2781 nisi
1083 2748 1113 2782 B
1140 2747 1220 2792 (sed
1243 2749 1273 2779 ni
1301 2747 1335 2781 in
1362 2747 1510 2789 rasura)
1539 2758 1578 2777 ne
1604 2747 1629 2776 si
1660 2743 1727 2779 DE

247 2813 282 2844 l‘.»
309 2813 393 2844 ωιῆἰς
419 2812 580 2854 agendum
609 2812 761 2842 mortales
792 2810 821 2844 B
847 2811 993 2852 quamuis
1020 2809 1180 2851 agendum
1207 2809 1246 2838 sit
1274 2807 1426 2838 mortales
1457 2803 1522 2839 DE
1647 2804 1690 2837 ‘2⁴2
1724 2803 1865 2834 soliiudo

239 2873 350 2913 [alium
378 2871 485 2914 labor]
516 2869 637 2914 Haupt
663 2870 859 2912 sollicitudo,
887 2869 983 2900 alium
1012 2869 1105 2899 labor
1136 2865 1238 2900 BDE
