<?xml version="1.0" encoding="UTF-8"?>
<!DOCTYPE html PUBLIC "-//W3C//DTD XHTML 1.0 Transitional//EN"
    "http://www.w3.org/TR/xhtml1/DTD/xhtml1-transitional.dtd">
<html xmlns="http://www.w3.org/1999/xhtml" xml:lang="en" lang="en">
 <head>
  <title>
</title>
<meta http-equiv="Content-Type" content="text/html;charset=utf-8" />
  <meta name='ocr-system' content='tesseract 3.04.00' />
  <meta name='ocr-capabilities' content='ocr_page ocr_carea ocr_par ocr_line ocrx_word'/>
</head>
<body>
  <div class='ocr_page' id='page_1' title='image "./dialogorumlibrid00seneuoft_0302.png"; bbox 0 0 2008 3221; ppageno 0'>
   <div class='ocr_carea' id='block_1_1' title="bbox 228 104 1656 149">
    <p class='ocr_par' dir='ltr' id='par_1_1' title="bbox 228 104 1656 149">
     <span class='ocr_line' id='line_1_1' title="bbox 228 104 1656 149; baseline 0 -17"><span class='ocrx_word' id='word_1_1' title='bbox 228 111 309 149; x_wconf 73' lang='lat'>264</span> <span class='ocrx_word' id='word_1_2' title='bbox 423 107 527 133; x_wconf 85' lang='lat' dir='ltr'><strong>DIAL.</strong></span> <span class='ocrx_word' id='word_1_3' title='bbox 550 107 601 133; x_wconf 83' lang='lat' dir='ltr'>XI.</span> <span class='ocrx_word' id='word_1_4' title='bbox 641 106 694 130; x_wconf 82' lang='lat' dir='ltr'>AD</span> <span class='ocrx_word' id='word_1_5' title='bbox 717 105 895 131; x_wconf 84' lang='lat' dir='ltr'>HELVIAM</span> <span class='ocrx_word' id='word_1_6' title='bbox 920 105 1091 130; x_wconf 77' lang='lat' dir='ltr'><strong>MATREM</strong></span> <span class='ocrx_word' id='word_1_7' title='bbox 1115 104 1166 129; x_wconf 88' lang='lat' dir='ltr'>DE</span> <span class='ocrx_word' id='word_1_8' title='bbox 1187 104 1508 132; x_wconf 85' lang='lat' dir='ltr'><strong>CONSOLATIONE.</strong></span> <span class='ocrx_word' id='word_1_9' title='bbox 1552 107 1591 132; x_wconf 77' lang='lat'>14.</span> <span class='ocrx_word' id='word_1_10' title='bbox 1617 107 1656 132; x_wconf 85' lang='lat'>15.</span> 
     </span>
    </p>
   </div>
   <div class='ocr_carea' id='block_1_2' title="bbox 170 201 1902 2242">
    <p class='ocr_par' dir='ltr' id='par_1_2' title="bbox 170 201 1902 2242">
     <span class='ocr_line' id='line_1_2' title="bbox 231 201 1898 256; baseline 0 -12"><span class='ocrx_word' id='word_1_11' title='bbox 231 203 547 244; x_wconf 88' lang='lat' dir='ltr'>commodando</span> <span class='ocrx_word' id='word_1_12' title='bbox 580 202 665 242; x_wconf 88' lang='lat' dir='ltr'>aliis</span> <span class='ocrx_word' id='word_1_13' title='bbox 697 202 896 254; x_wconf 82' lang='lat' dir='ltr'>fatigant:</span> <span class='ocrx_word' id='word_1_14' title='bbox 943 208 987 242; x_wconf 89' lang='lat' dir='ltr'>tu</span> <span class='ocrx_word' id='word_1_15' title='bbox 1019 201 1244 241; x_wconf 89' lang='lat' dir='ltr'>liberorum</span> <span class='ocrx_word' id='word_1_16' title='bbox 1277 208 1445 241; x_wconf 89' lang='lat' dir='ltr'>tuorum</span> <span class='ocrx_word' id='word_1_17' title='bbox 1477 202 1597 242; x_wconf 88' lang='lat' dir='ltr'>bonis</span> <span class='ocrx_word' id='word_1_18' title='bbox 1628 203 1851 256; x_wconf 89' lang='lat' dir='ltr'>plurimum</span> <span class='ocrx_word' id='word_1_19' title='bbox 1878 215 1898 248; x_wconf 78' lang='lat'><strong>3</strong></span> 
     </span>
     <span class='ocr_line' id='line_1_3' title="bbox 225 272 1854 328; baseline 0.001 -15"><span class='ocrx_word' id='word_1_20' title='bbox 225 275 368 327; x_wconf 87' lang='lat' dir='ltr'>gauisa</span> <span class='ocrx_word' id='word_1_21' title='bbox 401 288 465 321; x_wconf 88' lang='lat' dir='ltr'>es,</span> <span class='ocrx_word' id='word_1_22' title='bbox 508 274 723 312; x_wconf 88' lang='lat' dir='ltr'>minimum</span> <span class='ocrx_word' id='word_1_23' title='bbox 758 286 841 313; x_wconf 88' lang='lat' dir='ltr'>usa.</span> <span class='ocrx_word' id='word_1_24' title='bbox 902 279 946 312; x_wconf 88' lang='lat' dir='ltr'>tu</span> <span class='ocrx_word' id='word_1_25' title='bbox 979 272 1212 312; x_wconf 81' lang='lat' dir='ltr'>liberalitati</span> <span class='ocrx_word' id='word_1_26' title='bbox 1243 279 1410 312; x_wconf 87' lang='lat' dir='ltr'>nostrae</span> <span class='ocrx_word' id='word_1_27' title='bbox 1442 287 1608 326; x_wconf 81' lang='lat' dir='ltr'><strong>semper</strong></span> <span class='ocrx_word' id='word_1_28' title='bbox 1638 275 1854 328; x_wconf 83' lang='lat' dir='ltr'>inposuisti</span> 
     </span>
     <span class='ocr_line' id='line_1_4' title="bbox 227 343 1854 397; baseline 0.001 -13"><span class='ocrx_word' id='word_1_29' title='bbox 227 346 423 388; x_wconf 76' lang='lat' dir='ltr'>modum,</span> <span class='ocrx_word' id='word_1_30' title='bbox 468 358 561 383; x_wconf 89' lang='lat' dir='ltr'>cum</span> <span class='ocrx_word' id='word_1_31' title='bbox 604 349 699 383; x_wconf 89' lang='lat' dir='ltr'>tuae</span> <span class='ocrx_word' id='word_1_32' title='bbox 740 358 825 383; x_wconf 91' lang='lat' dir='ltr'>non</span> <span class='ocrx_word' id='word_1_33' title='bbox 868 344 1099 396; x_wconf 91' lang='lat' dir='ltr'>inponeres.</span> <span class='ocrx_word' id='word_1_34' title='bbox 1162 349 1206 383; x_wconf 86' lang='lat' dir='ltr'>tu</span> <span class='ocrx_word' id='word_1_35' title='bbox 1248 343 1329 383; x_wconf 85' lang='lat' dir='ltr'>filia</span> <span class='ocrx_word' id='word_1_36' title='bbox 1371 343 1547 383; x_wconf 90' lang='lat' dir='ltr'>familiae</span> <span class='ocrx_word' id='word_1_37' title='bbox 1578 344 1854 397; x_wconf 80' lang='lat' dir='ltr'>locupletibus</span> 
     </span>
     <span class='ocr_line' id='line_1_5' title="bbox 226 413 1855 467; baseline 0.001 -13"><span class='ocrx_word' id='word_1_38' title='bbox 226 415 314 455; x_wconf 84' lang='lat' dir='ltr'>filiis</span> <span class='ocrx_word' id='word_1_39' title='bbox 358 415 464 454; x_wconf 91' lang='lat' dir='ltr'>ultro</span> <span class='ocrx_word' id='word_1_40' title='bbox 507 413 725 454; x_wconf 80' lang='lat' dir='ltr'>contulisti.</span> <span class='ocrx_word' id='word_1_41' title='bbox 789 422 831 454; x_wconf 89' lang='lat' dir='ltr'>tu</span> <span class='ocrx_word' id='word_1_42' title='bbox 875 415 1126 467; x_wconf 88' lang='lat' dir='ltr'>patrimonia</span> <span class='ocrx_word' id='word_1_43' title='bbox 1168 421 1312 453; x_wconf 87' lang='lat' dir='ltr'>nostra</span> <span class='ocrx_word' id='word_1_44' title='bbox 1353 415 1410 454; x_wconf 87' lang='lat' dir='ltr'>sie</span> <span class='ocrx_word' id='word_1_45' title='bbox 1451 415 1768 464; x_wconf 77' lang='lat' dir='ltr'>administrasti,</span> <span class='ocrx_word' id='word_1_46' title='bbox 1810 422 1855 456; x_wconf 92' lang='lat' dir='ltr'>ut</span> 
     </span>
     <span class='ocr_line' id='line_1_6' title="bbox 190 485 1854 539; baseline 0 -13"><span class='ocrx_word' id='word_1_47' title='bbox 190 499 204 521; x_wconf 74' lang='lat'>5</span> <span class='ocrx_word' id='word_1_48' title='bbox 226 493 441 539; x_wconf 87' lang='lat' dir='ltr'>tamquam</span> <span class='ocrx_word' id='word_1_49' title='bbox 485 487 565 526; x_wconf 87' lang='lat' dir='ltr'>tuis</span> <span class='ocrx_word' id='word_1_50' title='bbox 607 485 840 534; x_wconf 87' lang='lat' dir='ltr'>laborares,</span> <span class='ocrx_word' id='word_1_51' title='bbox 885 493 1102 538; x_wconf 85' lang='lat' dir='ltr'>tamquam</span> <span class='ocrx_word' id='word_1_52' title='bbox 1148 485 1287 524; x_wconf 90' lang='lat' dir='ltr'>alienis</span> <span class='ocrx_word' id='word_1_53' title='bbox 1319 486 1557 525; x_wconf 84' lang='lat' dir='ltr'>abstineres.</span> <span class='ocrx_word' id='word_1_54' title='bbox 1621 492 1664 525; x_wconf 93' lang='lat' dir='ltr'>tu</span> <span class='ocrx_word' id='word_1_55' title='bbox 1698 487 1854 538; x_wconf 90' lang='lat' dir='ltr'>gratiae</span> 
     </span>
     <span class='ocr_line' id='line_1_7' title="bbox 225 556 1855 610; baseline 0 -13"><span class='ocrx_word' id='word_1_56' title='bbox 225 564 404 605; x_wconf 88' lang='lat' dir='ltr'>nostrae,</span> <span class='ocrx_word' id='word_1_57' title='bbox 438 564 655 610; x_wconf 80' lang='lat' dir='ltr'>tamquam</span> <span class='ocrx_word' id='word_1_58' title='bbox 688 557 829 596; x_wconf 86' lang='lat' dir='ltr'>alienis</span> <span class='ocrx_word' id='word_1_59' title='bbox 862 558 986 596; x_wconf 87' lang='lat' dir='ltr'>rebus</span> <span class='ocrx_word' id='word_1_60' title='bbox 1021 557 1203 604; x_wconf 83' lang='lat' dir='ltr'>utereriS,</span> <span class='ocrx_word' id='word_1_61' title='bbox 1236 556 1455 609; x_wconf 87' lang='lat' dir='ltr'>pepercisti</span> <span class='ocrx_word' id='word_1_62' title='bbox 1486 564 1527 596; x_wconf 90' lang='lat' dir='ltr'>et</span> <span class='ocrx_word' id='word_1_63' title='bbox 1550 570 1603 596; x_wconf 82' lang='lat' dir='ltr'>ex</span> <span class='ocrx_word' id='word_1_64' title='bbox 1625 557 1855 597; x_wconf 90' lang='lat' dir='ltr'>honoribus</span> 
     </span>
     <span class='ocr_line' id='line_1_8' title="bbox 225 627 1854 681; baseline 0.001 -14"><span class='ocrx_word' id='word_1_65' title='bbox 225 629 376 668; x_wconf 86' lang='lat' dir='ltr'>nostris</span> <span class='ocrx_word' id='word_1_66' title='bbox 420 627 517 667; x_wconf 87' lang='lat' dir='ltr'>nihil</span> <span class='ocrx_word' id='word_1_67' title='bbox 559 629 613 667; x_wconf 91' lang='lat' dir='ltr'>ad</span> <span class='ocrx_word' id='word_1_68' title='bbox 656 634 696 667; x_wconf 87' lang='lat' dir='ltr'>te</span> <span class='ocrx_word' id='word_1_69' title='bbox 740 629 814 668; x_wconf 89' lang='lat' dir='ltr'>nisi</span> <span class='ocrx_word' id='word_1_70' title='bbox 859 627 1052 680; x_wconf 85' lang='lat' dir='ltr'>uoluptas</span> <span class='ocrx_word' id='word_1_71' title='bbox 1085 634 1126 667; x_wconf 90' lang='lat' dir='ltr'>et</span> <span class='ocrx_word' id='word_1_72' title='bbox 1158 628 1330 679; x_wconf 87' lang='lat' dir='ltr'>inpensa</span> <span class='ocrx_word' id='word_1_73' title='bbox 1362 628 1579 680; x_wconf 85' lang='lat' dir='ltr'>pertinuit:</span> <span class='ocrx_word' id='word_1_74' title='bbox 1626 642 1854 681; x_wconf 88' lang='lat' dir='ltr'>numquam</span> 
     </span>
     <span class='ocr_line' id='line_1_9' title="bbox 225 698 1854 751; baseline 0 -13"><span class='ocrx_word' id='word_1_75' title='bbox 225 699 481 751; x_wconf 79' lang='lat' dir='ltr'>indulgentia</span> <span class='ocrx_word' id='word_1_76' title='bbox 512 700 565 739; x_wconf 87' lang='lat' dir='ltr'>ad</span> <span class='ocrx_word' id='word_1_77' title='bbox 599 698 817 738; x_wconf 87' lang='lat' dir='ltr'>utilitatem</span> <span class='ocrx_word' id='word_1_78' title='bbox 851 699 1045 751; x_wconf 80' lang='lat' dir='ltr'>respexit.</span> <span class='ocrx_word' id='word_1_79' title='bbox 1111 712 1194 737; x_wconf 91' lang='lat' dir='ltr'>non</span> <span class='ocrx_word' id='word_1_80' title='bbox 1233 704 1356 751; x_wconf 86' lang='lat' dir='ltr'>potes</span> <span class='ocrx_word' id='word_1_81' title='bbox 1388 698 1525 751; x_wconf 90' lang='lat' dir='ltr'>itaque</span> <span class='ocrx_word' id='word_1_82' title='bbox 1558 712 1607 738; x_wconf 86' lang='lat' dir='ltr'>ea</span> <span class='ocrx_word' id='word_1_83' title='bbox 1638 699 1677 738; x_wconf 94' lang='lat' dir='ltr'>in</span> <span class='ocrx_word' id='word_1_84' title='bbox 1710 706 1854 751; x_wconf 90' lang='lat' dir='ltr'>erepto</span> 
     </span>
     <span class='ocr_line' id='line_1_10' title="bbox 225 769 1854 822; baseline 0 -13"><span class='ocrx_word' id='word_1_85' title='bbox 225 769 306 809; x_wconf 83' lang='lat' dir='ltr'>filio</span> <span class='ocrx_word' id='word_1_86' title='bbox 342 771 590 818; x_wconf 85' lang='lat' dir='ltr'>desiderare,</span> <span class='ocrx_word' id='word_1_87' title='bbox 622 783 729 822; x_wconf 88' lang='lat' dir='ltr'>quae</span> <span class='ocrx_word' id='word_1_88' title='bbox 763 769 803 808; x_wconf 72' lang='lat' dir='ltr'>in</span> <span class='ocrx_word' id='word_1_89' title='bbox 837 769 1031 809; x_wconf 90' lang='lat' dir='ltr'>incolumi</span> <span class='ocrx_word' id='word_1_90' title='bbox 1063 783 1291 821; x_wconf 90' lang='lat' dir='ltr'>numquam</span> <span class='ocrx_word' id='word_1_91' title='bbox 1323 770 1377 809; x_wconf 88' lang='lat' dir='ltr'>ad</span> <span class='ocrx_word' id='word_1_92' title='bbox 1399 775 1441 808; x_wconf 90' lang='lat' dir='ltr'>te</span> <span class='ocrx_word' id='word_1_93' title='bbox 1462 770 1667 822; x_wconf 90' lang='lat' dir='ltr'>pertinere</span> <span class='ocrx_word' id='word_1_94' title='bbox 1690 771 1854 809; x_wconf 80' lang='lat' dir='ltr'>duxisti.</span> 
     </span>
     <span class='ocr_line' id='line_1_11' title="bbox 176 840 1897 889; baseline 0 -9"><span class='ocrx_word' id='word_1_95' title='bbox 176 850 204 874; x_wconf 79' lang='lat'>¹0</span> <span class='ocrx_word' id='word_1_96' title='bbox 345 841 439 880; x_wconf 74' lang='lat' dir='ltr'>XV.</span> <span class='ocrx_word' id='word_1_97' title='bbox 502 840 576 880; x_wconf 93' lang='lat' dir='ltr'>Illo</span> <span class='ocrx_word' id='word_1_98' title='bbox 611 840 747 880; x_wconf 90' lang='lat' dir='ltr'>omnis</span> <span class='ocrx_word' id='word_1_99' title='bbox 780 840 1013 880; x_wconf 88' lang='lat' dir='ltr'>consolatio</span> <span class='ocrx_word' id='word_1_100' title='bbox 1047 840 1144 880; x_wconf 88' lang='lat' dir='ltr'>mihi</span> <span class='ocrx_word' id='word_1_101' title='bbox 1177 841 1379 880; x_wconf 88' lang='lat' dir='ltr'>uertenda</span> <span class='ocrx_word' id='word_1_102' title='bbox 1412 846 1490 888; x_wconf 91' lang='lat' dir='ltr'>est,</span> <span class='ocrx_word' id='word_1_103' title='bbox 1523 841 1634 880; x_wconf 89' lang='lat' dir='ltr'>unde</span> <span class='ocrx_word' id='word_1_104' title='bbox 1667 854 1765 880; x_wconf 88' lang='lat' dir='ltr'>uera</span> <span class='ocrx_word' id='word_1_105' title='bbox 1796 842 1855 881; x_wconf 93' lang='lat' dir='ltr'>uis</span> <span class='ocrx_word' id='word_1_106' title='bbox 1890 858 1897 889; x_wconf 85' lang='lat'><em>1</em></span> 
     </span>
     <span class='ocr_line' id='line_1_12' title="bbox 226 911 1854 965; baseline 0 -14"><span class='ocrx_word' id='word_1_107' title='bbox 226 913 400 952; x_wconf 88' lang='lat' dir='ltr'>materni</span> <span class='ocrx_word' id='word_1_108' title='bbox 433 911 589 951; x_wconf 85' lang='lat' dir='ltr'>doloris</span> <span class='ocrx_word' id='word_1_109' title='bbox 621 912 773 951; x_wconf 89' lang='lat' dir='ltr'>oritur:</span> <span class='ocrx_word' id='word_1_110' title='bbox 812 925 893 964; x_wconf 89' lang='lat' dir='ltr'>ego</span> <span class='ocrx_word' id='word_1_111' title='bbox 927 911 1141 965; x_wconf 75' lang='lat' dir='ltr'>conplexu</span> <span class='ocrx_word' id='word_1_112' title='bbox 1170 911 1224 950; x_wconf 82' lang='lat' dir='ltr'>fili</span> <span class='ocrx_word' id='word_1_113' title='bbox 1256 911 1453 951; x_wconf 88' lang='lat' dir='ltr'>carissimi</span> <span class='ocrx_word' id='word_1_114' title='bbox 1485 925 1618 960; x_wconf 88' lang='lat' dir='ltr'>careo,</span> <span class='ocrx_word' id='word_1_115' title='bbox 1651 926 1735 951; x_wconf 89' lang='lat' dir='ltr'>non</span> <span class='ocrx_word' id='word_1_116' title='bbox 1759 926 1854 952; x_wconf 92' lang='lat' dir='ltr'>con-</span> 
     </span>
     <span class='ocr_line' id='line_1_13' title="bbox 224 982 1856 1036; baseline 0 -13"><span class='ocrx_word' id='word_1_117' title='bbox 224 989 368 1036; x_wconf 86' lang='lat' dir='ltr'>spectu</span> <span class='ocrx_word' id='word_1_118' title='bbox 413 983 520 1031; x_wconf 82' lang='lat' dir='ltr'>eius,</span> <span class='ocrx_word' id='word_1_119' title='bbox 559 996 644 1022; x_wconf 92' lang='lat' dir='ltr'>non</span> <span class='ocrx_word' id='word_1_120' title='bbox 687 996 881 1022; x_wconf 89' lang='lat' dir='ltr'>sermone</span> <span class='ocrx_word' id='word_1_121' title='bbox 924 996 1097 1035; x_wconf 87' lang='lat' dir='ltr'>possum</span> <span class='ocrx_word' id='word_1_122' title='bbox 1142 982 1227 1022; x_wconf 84' lang='lat' dir='ltr'>frui.</span> <span class='ocrx_word' id='word_1_123' title='bbox 1290 982 1359 1021; x_wconf 89' lang='lat' dir='ltr'>ubi</span> <span class='ocrx_word' id='word_1_124' title='bbox 1403 989 1466 1022; x_wconf 91' lang='lat' dir='ltr'>est</span> <span class='ocrx_word' id='word_1_125' title='bbox 1508 982 1593 1031; x_wconf 90' lang='lat' dir='ltr'>ille,</span> <span class='ocrx_word' id='word_1_126' title='bbox 1643 997 1726 1035; x_wconf 91' lang='lat' dir='ltr'>quo</span> <span class='ocrx_word' id='word_1_127' title='bbox 1768 984 1856 1023; x_wconf 89' lang='lat' dir='ltr'>uiso</span> 
     </span>
     <span class='ocr_line' id='line_1_14' title="bbox 224 1053 1856 1106; baseline -0.001 -12"><span class='ocrx_word' id='word_1_128' title='bbox 224 1056 383 1094; x_wconf 89' lang='lat' dir='ltr'>tristem</span> <span class='ocrx_word' id='word_1_129' title='bbox 419 1053 579 1093; x_wconf 90' lang='lat' dir='ltr'>uoltum</span> <span class='ocrx_word' id='word_1_130' title='bbox 613 1053 809 1101; x_wconf 79' lang='lat' dir='ltr'>relaxaui,</span> <span class='ocrx_word' id='word_1_131' title='bbox 843 1054 881 1092; x_wconf 93' lang='lat' dir='ltr'>in</span> <span class='ocrx_word' id='word_1_132' title='bbox 914 1067 998 1106; x_wconf 93' lang='lat' dir='ltr'>quo</span> <span class='ocrx_word' id='word_1_133' title='bbox 1029 1067 1177 1093; x_wconf 91' lang='lat' dir='ltr'>omnes</span> <span class='ocrx_word' id='word_1_134' title='bbox 1199 1053 1494 1093; x_wconf 87' lang='lat' dir='ltr'>sollicitudines</span> <span class='ocrx_word' id='word_1_135' title='bbox 1517 1067 1632 1093; x_wconf 88' lang='lat' dir='ltr'>meas</span> <span class='ocrx_word' id='word_1_136' title='bbox 1655 1054 1856 1106; x_wconf 78' lang='lat' dir='ltr'>deposui?</span> 
     </span>
     <span class='ocr_line' id='line_1_15' title="bbox 225 1121 1856 1177; baseline 0 -12"><span class='ocrx_word' id='word_1_137' title='bbox 225 1126 293 1165; x_wconf 93' lang='lat' dir='ltr'>ubi</span> <span class='ocrx_word' id='word_1_138' title='bbox 342 1121 583 1177; x_wconf 89' lang='lat' dir='ltr'>conloquia,</span> <span class='ocrx_word' id='word_1_139' title='bbox 636 1122 815 1177; x_wconf 84' lang='lat' dir='ltr'>quorum</span> <span class='ocrx_word' id='word_1_140' title='bbox 869 1124 1129 1177; x_wconf 77' lang='lat' dir='ltr'>inexplebilis</span> <span class='ocrx_word' id='word_1_141' title='bbox 1182 1127 1324 1164; x_wconf 82' lang='lat' dir='ltr'>eram?</span> <span class='ocrx_word' id='word_1_142' title='bbox 1379 1124 1447 1163; x_wconf 91' lang='lat' dir='ltr'>ubi</span> <span class='ocrx_word' id='word_1_143' title='bbox 1499 1125 1655 1173; x_wconf 90' lang='lat' dir='ltr'>studia,</span> <span class='ocrx_word' id='word_1_144' title='bbox 1708 1125 1856 1177; x_wconf 89' lang='lat' dir='ltr'>quibus</span> 
     </span>
     <span class='ocr_line' id='line_1_16' title="bbox 176 1195 1856 1249; baseline -0.001 -13"><span class='ocrx_word' id='word_1_145' title='bbox 176 1198 415 1238; x_wconf 65' lang='grc'>15111361111115</span> <span class='ocrx_word' id='word_1_146' title='bbox 447 1210 573 1249; x_wconf 89' lang='lat' dir='ltr'>quam</span> <span class='ocrx_word' id='word_1_147' title='bbox 607 1195 780 1244; x_wconf 84' lang='lat' dir='ltr'>femina,</span> <span class='ocrx_word' id='word_1_148' title='bbox 815 1196 1050 1235; x_wconf 88' lang='lat' dir='ltr'>familiarius</span> <span class='ocrx_word' id='word_1_149' title='bbox 1082 1209 1208 1248; x_wconf 88' lang='lat' dir='ltr'>quam</span> <span class='ocrx_word' id='word_1_150' title='bbox 1243 1202 1376 1235; x_wconf 90' lang='lat' dir='ltr'>mater</span> <span class='ocrx_word' id='word_1_151' title='bbox 1408 1196 1656 1235; x_wconf 83' lang='lat' dir='ltr'>intereram?</span> <span class='ocrx_word' id='word_1_152' title='bbox 1702 1195 1771 1236; x_wconf 89' lang='lat' dir='ltr'>ubi</span> <span class='ocrx_word' id='word_1_153' title='bbox 1803 1195 1856 1235; x_wconf 90' lang='lat' dir='ltr'>illi</span> 
     </span>
     <span class='ocr_line' id='line_1_17' title="bbox 224 1266 1902 1320; baseline -0.001 -12"><span class='ocrx_word' id='word_1_154' title='bbox 224 1271 446 1308; x_wconf 83' lang='lat' dir='ltr'>occursus?</span> <span class='ocrx_word' id='word_1_155' title='bbox 501 1268 569 1307; x_wconf 93' lang='lat' dir='ltr'>ubi</span> <span class='ocrx_word' id='word_1_156' title='bbox 622 1274 755 1307; x_wconf 89' lang='lat' dir='ltr'>matre</span> <span class='ocrx_word' id='word_1_157' title='bbox 797 1268 883 1307; x_wconf 88' lang='lat' dir='ltr'>uisa</span> <span class='ocrx_word' id='word_1_158' title='bbox 924 1280 1090 1319; x_wconf 89' lang='lat' dir='ltr'>semper</span> <span class='ocrx_word' id='word_1_159' title='bbox 1134 1266 1298 1320; x_wconf 88' lang='lat' dir='ltr'>puerilis</span> <span class='ocrx_word' id='word_1_160' title='bbox 1341 1267 1548 1307; x_wconf 88' lang='lat' dir='ltr'>hilaritas?</span> <span class='ocrx_word' id='word_1_161' title='bbox 1602 1267 1729 1307; x_wconf 88' lang='lat' dir='ltr'>adicis</span> <span class='ocrx_word' id='word_1_162' title='bbox 1771 1267 1856 1307; x_wconf 87' lang='lat' dir='ltr'>istis</span> <span class='ocrx_word' id='word_1_163' title='bbox 1883 1285 1902 1318; x_wconf 60' lang='grc' dir='ltr'>ρ</span> 
     </span>
     <span class='ocr_line' id='line_1_18' title="bbox 224 1338 1854 1392; baseline -0.001 -13"><span class='ocrx_word' id='word_1_164' title='bbox 224 1340 316 1379; x_wconf 91' lang='lat' dir='ltr'>loca</span> <span class='ocrx_word' id='word_1_165' title='bbox 348 1341 437 1392; x_wconf 87' lang='lat' dir='ltr'>ipsa</span> <span class='ocrx_word' id='word_1_166' title='bbox 469 1338 793 1390; x_wconf 83' lang='lat' dir='ltr'>gratulationum</span> <span class='ocrx_word' id='word_1_167' title='bbox 827 1345 869 1378; x_wconf 89' lang='lat' dir='ltr'>et</span> <span class='ocrx_word' id='word_1_168' title='bbox 901 1338 1166 1378; x_wconf 89' lang='lat' dir='ltr'>conuictuum</span> <span class='ocrx_word' id='word_1_169' title='bbox 1201 1344 1262 1386; x_wconf 91' lang='lat' dir='ltr'>et,</span> <span class='ocrx_word' id='word_1_170' title='bbox 1308 1344 1352 1377; x_wconf 88' lang='lat' dir='ltr'>ut</span> <span class='ocrx_word' id='word_1_171' title='bbox 1389 1352 1560 1378; x_wconf 89' lang='lat' dir='ltr'>necesse</span> <span class='ocrx_word' id='word_1_172' title='bbox 1593 1344 1676 1386; x_wconf 89' lang='lat' dir='ltr'>est,</span> <span class='ocrx_word' id='word_1_173' title='bbox 1720 1338 1854 1378; x_wconf 84' lang='lat' dir='ltr'>effica-</span> 
     </span>
     <span class='ocr_line' id='line_1_19' title="bbox 226 1409 1855 1450; baseline -0.001 0"><span class='ocrx_word' id='word_1_174' title='bbox 226 1411 409 1450; x_wconf 90' lang='lat' dir='ltr'>cissimas</span> <span class='ocrx_word' id='word_1_175' title='bbox 452 1411 505 1449; x_wconf 84' lang='lat' dir='ltr'>ad</span> <span class='ocrx_word' id='word_1_176' title='bbox 549 1411 768 1449; x_wconf 82' lang='lat' dir='ltr'>uexandos</span> <span class='ocrx_word' id='word_1_177' title='bbox 801 1410 963 1449; x_wconf 89' lang='lat' dir='ltr'>animos</span> <span class='ocrx_word' id='word_1_178' title='bbox 996 1409 1173 1449; x_wconf 90' lang='lat' dir='ltr'>recentis</span> <span class='ocrx_word' id='word_1_179' title='bbox 1206 1409 1532 1449; x_wconf 87' lang='lat' dir='ltr'>conuersationis</span> <span class='ocrx_word' id='word_1_180' title='bbox 1563 1415 1696 1449; x_wconf 88' lang='lat' dir='ltr'>notas.</span> <span class='ocrx_word' id='word_1_181' title='bbox 1759 1423 1855 1448; x_wconf 89' lang='lat' dir='ltr'>nam</span> 
     </span>
     <span class='ocr_line' id='line_1_20' title="bbox 225 1480 1856 1533; baseline -0.001 -12"><span class='ocrx_word' id='word_1_182' title='bbox 225 1482 306 1521; x_wconf 91' lang='lat' dir='ltr'>hoc</span> <span class='ocrx_word' id='word_1_183' title='bbox 350 1495 518 1533; x_wconf 84' lang='lat' dir='ltr'>quoque</span> <span class='ocrx_word' id='word_1_184' title='bbox 561 1481 760 1520; x_wconf 88' lang='lat' dir='ltr'>aduersus</span> <span class='ocrx_word' id='word_1_185' title='bbox 804 1487 845 1520; x_wconf 90' lang='lat' dir='ltr'>te</span> <span class='ocrx_word' id='word_1_186' title='bbox 889 1480 1110 1520; x_wconf 90' lang='lat' dir='ltr'>crudeliter</span> <span class='ocrx_word' id='word_1_187' title='bbox 1153 1480 1318 1520; x_wconf 83' lang='lat' dir='ltr'>fortuna</span> <span class='ocrx_word' id='word_1_188' title='bbox 1360 1480 1506 1520; x_wconf 88' lang='lat' dir='ltr'>rnolita</span> <span class='ocrx_word' id='word_1_189' title='bbox 1537 1486 1622 1528; x_wconf 88' lang='lat' dir='ltr'>est,</span> <span class='ocrx_word' id='word_1_190' title='bbox 1666 1481 1781 1533; x_wconf 89' lang='lat' dir='ltr'>quod</span> <span class='ocrx_word' id='word_1_191' title='bbox 1814 1487 1856 1520; x_wconf 90' lang='lat' dir='ltr'>te</span> 
     </span>
     <span class='ocr_line' id='line_1_21' title="bbox 171 1551 1858 1604; baseline -0.001 -13"><span class='ocrx_word' id='word_1_192' title='bbox 171 1560 204 1584; x_wconf 78' lang='lat'>20</span> <span class='ocrx_word' id='word_1_193' title='bbox 225 1559 320 1592; x_wconf 91' lang='lat' dir='ltr'>ante</span> <span class='ocrx_word' id='word_1_194' title='bbox 370 1552 537 1591; x_wconf 87' lang='lat' dir='ltr'>tertium</span> <span class='ocrx_word' id='word_1_195' title='bbox 589 1552 759 1591; x_wconf 89' lang='lat' dir='ltr'>demum</span> <span class='ocrx_word' id='word_1_196' title='bbox 804 1551 915 1591; x_wconf 89' lang='lat' dir='ltr'>diem</span> <span class='ocrx_word' id='word_1_197' title='bbox 959 1565 1086 1603; x_wconf 86' lang='lat' dir='ltr'>quam</span> <span class='ocrx_word' id='word_1_198' title='bbox 1131 1551 1344 1604; x_wconf 89' lang='lat' dir='ltr'>perculsus</span> <span class='ocrx_word' id='word_1_199' title='bbox 1385 1565 1499 1600; x_wconf 88' lang='lat' dir='ltr'>sum,</span> <span class='ocrx_word' id='word_1_200' title='bbox 1549 1565 1737 1591; x_wconf 87' lang='lat' dir='ltr'>securam</span> <span class='ocrx_word' id='word_1_201' title='bbox 1780 1564 1858 1591; x_wconf 89' lang='lat' dir='ltr'>nec</span> 
     </span>
     <span class='ocr_line' id='line_1_22' title="bbox 224 1621 1901 1676; baseline -0.001 -13"><span class='ocrx_word' id='word_1_202' title='bbox 224 1624 445 1676; x_wconf 87' lang='lat' dir='ltr'>quicquam</span> <span class='ocrx_word' id='word_1_203' title='bbox 488 1623 570 1662; x_wconf 89' lang='lat' dir='ltr'>tale</span> <span class='ocrx_word' id='word_1_204' title='bbox 613 1629 870 1662; x_wconf 87' lang='lat' dir='ltr'>metuentem</span> <span class='ocrx_word' id='word_1_205' title='bbox 915 1622 1077 1674; x_wconf 80' lang='lat' dir='ltr'>regredi</span> <span class='ocrx_word' id='word_1_206' title='bbox 1120 1621 1258 1662; x_wconf 90' lang='lat' dir='ltr'>uoluit.</span> <span class='ocrx_word' id='word_1_207' title='bbox 1322 1623 1430 1662; x_wconf 89' lang='lat' dir='ltr'>bene</span> <span class='ocrx_word' id='word_1_208' title='bbox 1467 1636 1544 1662; x_wconf 91' lang='lat' dir='ltr'>nos</span> <span class='ocrx_word' id='word_1_209' title='bbox 1577 1622 1855 1675; x_wconf 80' lang='lat' dir='ltr'>longinquitas</span> <span class='ocrx_word' id='word_1_210' title='bbox 1882 1639 1901 1669; x_wconf 80' lang='lat'>:3</span> 
     </span>
     <span class='ocr_line' id='line_1_23' title="bbox 224 1692 1855 1746; baseline -0.001 -13"><span class='ocrx_word' id='word_1_211' title='bbox 224 1694 411 1734; x_wconf 90' lang='lat' dir='ltr'>locorum</span> <span class='ocrx_word' id='word_1_212' title='bbox 455 1695 662 1733; x_wconf 85' lang='lat' dir='ltr'>diuiserat.</span> <span class='ocrx_word' id='word_1_213' title='bbox 725 1694 833 1733; x_wconf 93' lang='lat' dir='ltr'>bene</span> <span class='ocrx_word' id='word_1_214' title='bbox 875 1693 1032 1746; x_wconf 86' lang='lat' dir='ltr'>aliquot</span> <span class='ocrx_word' id='word_1_215' title='bbox 1075 1707 1279 1733; x_wconf 86' lang='lat' dir='ltr'>annorum</span> <span class='ocrx_word' id='word_1_216' title='bbox 1324 1694 1513 1733; x_wconf 88' lang='lat' dir='ltr'>absentia</span> <span class='ocrx_word' id='word_1_217' title='bbox 1544 1693 1638 1733; x_wconf 91' lang='lat' dir='ltr'>huic</span> <span class='ocrx_word' id='word_1_218' title='bbox 1668 1699 1711 1732; x_wconf 87' lang='lat' dir='ltr'>te</span> <span class='ocrx_word' id='word_1_219' title='bbox 1744 1692 1855 1732; x_wconf 89' lang='lat' dir='ltr'>malo</span> 
     </span>
     <span class='ocr_line' id='line_1_24' title="bbox 224 1763 1855 1818; baseline -0.001 -14"><span class='ocrx_word' id='word_1_220' title='bbox 224 1771 570 1818; x_wconf 86' lang='lat' dir='ltr'>praeparauerat:</span> <span class='ocrx_word' id='word_1_221' title='bbox 615 1765 756 1804; x_wconf 86' lang='lat' dir='ltr'>redisti</span> <span class='ocrx_word' id='word_1_222' title='bbox 789 1778 873 1803; x_wconf 92' lang='lat' dir='ltr'>non</span> <span class='ocrx_word' id='word_1_223' title='bbox 908 1771 951 1803; x_wconf 92' lang='lat' dir='ltr'>ut</span> <span class='ocrx_word' id='word_1_224' title='bbox 984 1763 1246 1817; x_wconf 87' lang='lat' dir='ltr'>uoluptatem</span> <span class='ocrx_word' id='word_1_225' title='bbox 1281 1779 1335 1804; x_wconf 80' lang='lat' dir='ltr'>ex</span> <span class='ocrx_word' id='word_1_226' title='bbox 1368 1764 1451 1804; x_wconf 86' lang='lat' dir='ltr'>filio</span> <span class='ocrx_word' id='word_1_227' title='bbox 1484 1765 1738 1818; x_wconf 87' lang='lat' dir='ltr'>perciperes,</span> <span class='ocrx_word' id='word_1_228' title='bbox 1781 1765 1855 1803; x_wconf 91' lang='lat' dir='ltr'>sed</span> 
     </span>
     <span class='ocr_line' id='line_1_25' title="bbox 225 1834 1856 1887; baseline -0.001 -12"><span class='ocrx_word' id='word_1_229' title='bbox 225 1842 268 1875; x_wconf 91' lang='lat' dir='ltr'>ut</span> <span class='ocrx_word' id='word_1_230' title='bbox 302 1836 646 1875; x_wconf 86' lang='lat' dir='ltr'>consuetudinem</span> <span class='ocrx_word' id='word_1_231' title='bbox 680 1835 871 1874; x_wconf 89' lang='lat' dir='ltr'>desiderii</span> <span class='ocrx_word' id='word_1_232' title='bbox 904 1836 1112 1887; x_wconf 88' lang='lat' dir='ltr'>perderes.</span> <span class='ocrx_word' id='word_1_233' title='bbox 1157 1836 1189 1874; x_wconf 82' lang='lat' dir='ltr'>si</span> <span class='ocrx_word' id='word_1_234' title='bbox 1224 1835 1355 1874; x_wconf 88' lang='lat' dir='ltr'>multo</span> <span class='ocrx_word' id='word_1_235' title='bbox 1379 1841 1475 1874; x_wconf 89' lang='lat' dir='ltr'>ante</span> <span class='ocrx_word' id='word_1_236' title='bbox 1497 1834 1679 1882; x_wconf 87' lang='lat' dir='ltr'>afuisses,</span> <span class='ocrx_word' id='word_1_237' title='bbox 1713 1834 1856 1874; x_wconf 89' lang='lat' dir='ltr'>fortius</span> 
     </span>
     <span class='ocr_line' id='line_1_26' title="bbox 170 1905 1856 1958; baseline -0.001 -13"><span class='ocrx_word' id='word_1_238' title='bbox 170 1915 203 1938; x_wconf 67' lang='lat'>2⁵</span> <span class='ocrx_word' id='word_1_239' title='bbox 225 1906 385 1946; x_wconf 85' lang='lat' dir='ltr'>tulisses</span> <span class='ocrx_word' id='word_1_240' title='bbox 428 1907 517 1958; x_wconf 85' lang='lat' dir='ltr'>ipso</span> <span class='ocrx_word' id='word_1_241' title='bbox 562 1905 778 1945; x_wconf 89' lang='lat' dir='ltr'>interuallo</span> <span class='ocrx_word' id='word_1_242' title='bbox 823 1906 1074 1945; x_wconf 80' lang='lat' dir='ltr'>desiderium</span> <span class='ocrx_word' id='word_1_243' title='bbox 1119 1906 1357 1946; x_wconf 88' lang='lat' dir='ltr'>molliente:</span> <span class='ocrx_word' id='word_1_244' title='bbox 1403 1907 1435 1945; x_wconf 90' lang='lat' dir='ltr'>si</span> <span class='ocrx_word' id='word_1_245' title='bbox 1478 1921 1563 1946; x_wconf 91' lang='lat' dir='ltr'>non</span> <span class='ocrx_word' id='word_1_246' title='bbox 1606 1907 1856 1953; x_wconf 89' lang='lat' dir='ltr'>recessisses,</span> 
     </span>
     <span class='ocr_line' id='line_1_27' title="bbox 224 1976 1856 2016; baseline 0.001 -1"><span class='ocrx_word' id='word_1_247' title='bbox 224 1977 410 2016; x_wconf 87' lang='lat' dir='ltr'>ultimum</span> <span class='ocrx_word' id='word_1_248' title='bbox 456 1982 567 2015; x_wconf 87' lang='lat' dir='ltr'>certe</span> <span class='ocrx_word' id='word_1_249' title='bbox 606 1976 783 2016; x_wconf 86' lang='lat' dir='ltr'>fructum</span> <span class='ocrx_word' id='word_1_250' title='bbox 817 1977 946 2016; x_wconf 90' lang='lat' dir='ltr'>biduo</span> <span class='ocrx_word' id='word_1_251' title='bbox 980 1977 1130 2016; x_wconf 88' lang='lat' dir='ltr'>diutius</span> <span class='ocrx_word' id='word_1_252' title='bbox 1165 1977 1331 2016; x_wconf 91' lang='lat' dir='ltr'>uidendi</span> <span class='ocrx_word' id='word_1_253' title='bbox 1364 1976 1492 2016; x_wconf 85' lang='lat' dir='ltr'>filium</span> <span class='ocrx_word' id='word_1_254' title='bbox 1525 1977 1711 2016; x_wconf 86' lang='lat' dir='ltr'>tulisses:</span> <span class='ocrx_word' id='word_1_255' title='bbox 1748 1990 1856 2016; x_wconf 93' lang='lat' dir='ltr'>nunc</span> 
     </span>
     <span class='ocr_line' id='line_1_28' title="bbox 224 2046 1854 2100; baseline 0 -14"><span class='ocrx_word' id='word_1_256' title='bbox 224 2047 391 2087; x_wconf 86' lang='lat' dir='ltr'>crudele</span> <span class='ocrx_word' id='word_1_257' title='bbox 425 2046 554 2086; x_wconf 82' lang='lat' dir='ltr'>fatum</span> <span class='ocrx_word' id='word_1_258' title='bbox 589 2048 644 2086; x_wconf 87' lang='lat' dir='ltr'>ita</span> <span class='ocrx_word' id='word_1_259' title='bbox 676 2049 919 2100; x_wconf 82' lang='lat' dir='ltr'>conposuit,</span> <span class='ocrx_word' id='word_1_260' title='bbox 966 2053 1010 2086; x_wconf 93' lang='lat' dir='ltr'>ut</span> <span class='ocrx_word' id='word_1_261' title='bbox 1042 2062 1119 2087; x_wconf 86' lang='lat' dir='ltr'>nec</span> <span class='ocrx_word' id='word_1_262' title='bbox 1152 2047 1341 2087; x_wconf 86' lang='lat' dir='ltr'>fortunae</span> <span class='ocrx_word' id='word_1_263' title='bbox 1375 2062 1495 2087; x_wconf 90' lang='lat' dir='ltr'>meae</span> <span class='ocrx_word' id='word_1_264' title='bbox 1526 2048 1746 2088; x_wconf 87' lang='lat' dir='ltr'>interesses</span> <span class='ocrx_word' id='word_1_265' title='bbox 1778 2061 1854 2087; x_wconf 92' lang='lat' dir='ltr'>nec</span> 
     </span>
     <span class='ocr_line' id='line_1_29' title="bbox 224 2117 1898 2170; baseline -0.001 -12"><span class='ocrx_word' id='word_1_266' title='bbox 224 2119 436 2158; x_wconf 83' lang='lat' dir='ltr'>absentiae</span> <span class='ocrx_word' id='word_1_267' title='bbox 469 2119 747 2157; x_wconf 65' lang='lat' dir='ltr'>adsuesceres&#39;.</span> <span class='ocrx_word' id='word_1_268' title='bbox 810 2120 886 2157; x_wconf 85' lang='lat' dir='ltr'>sed</span> <span class='ocrx_word' id='word_1_269' title='bbox 919 2125 1076 2170; x_wconf 85' lang='lat' dir='ltr'>quanto</span> <span class='ocrx_word' id='word_1_270' title='bbox 1109 2119 1186 2158; x_wconf 81' lang='lat' dir='ltr'>ista</span> <span class='ocrx_word' id='word_1_271' title='bbox 1217 2119 1385 2158; x_wconf 86' lang='lat' dir='ltr'>duriora</span> <span class='ocrx_word' id='word_1_272' title='bbox 1416 2125 1531 2166; x_wconf 88' lang='lat' dir='ltr'>sunt,</span> <span class='ocrx_word' id='word_1_273' title='bbox 1571 2125 1690 2158; x_wconf 88' lang='lat' dir='ltr'>tanto</span> <span class='ocrx_word' id='word_1_274' title='bbox 1723 2117 1855 2157; x_wconf 84' lang='lat' dir='ltr'>maior</span> <span class='ocrx_word' id='word_1_275' title='bbox 1882 2132 1898 2165; x_wconf 46' lang='lat'>11</span> 
     </span>
     <span class='ocr_line' id='line_1_30' title="bbox 224 2189 1854 2242; baseline -0.001 -13"><span class='ocrx_word' id='word_1_276' title='bbox 224 2190 296 2229; x_wconf 88' lang='lat' dir='ltr'>tibi</span> <span class='ocrx_word' id='word_1_277' title='bbox 339 2189 466 2228; x_wconf 85' lang='lat' dir='ltr'>uirtus</span> <span class='ocrx_word' id='word_1_278' title='bbox 509 2189 757 2228; x_wconf 77' lang='lat' dir='ltr'>aduocanda</span> <span class='ocrx_word' id='word_1_279' title='bbox 800 2196 863 2229; x_wconf 90' lang='lat' dir='ltr'>est</span> <span class='ocrx_word' id='word_1_280' title='bbox 896 2195 937 2229; x_wconf 92' lang='lat' dir='ltr'>et</span> <span class='ocrx_word' id='word_1_281' title='bbox 971 2189 1081 2229; x_wconf 87' lang='lat' dir='ltr'>uelut</span> <span class='ocrx_word' id='word_1_282' title='bbox 1115 2203 1209 2229; x_wconf 89' lang='lat' dir='ltr'>cum</span> <span class='ocrx_word' id='word_1_283' title='bbox 1244 2189 1366 2230; x_wconf 89' lang='lat' dir='ltr'>hoste</span> <span class='ocrx_word' id='word_1_284' title='bbox 1399 2196 1501 2230; x_wconf 93' lang='lat' dir='ltr'>noto</span> <span class='ocrx_word' id='word_1_285' title='bbox 1534 2204 1583 2230; x_wconf 90' lang='lat' dir='ltr'>ac</span> <span class='ocrx_word' id='word_1_286' title='bbox 1614 2203 1740 2242; x_wconf 85' lang='lat' dir='ltr'>saepe</span> <span class='ocrx_word' id='word_1_287' title='bbox 1773 2190 1854 2229; x_wconf 90' lang='lat' dir='ltr'>iam</span> 
     </span>
    </p>
   </div>
   <div class='ocr_carea' id='block_1_3' title="bbox 224 2385 1852 2823">
    <p class='ocr_par' dir='ltr' id='par_1_3' title="bbox 1690 2385 1696 2401">
     <span class='ocr_line' id='line_1_31' title="bbox 1690 2385 1696 2401; baseline 0 0"><span class='ocrx_word' id='word_1_288' title='bbox 1690 2385 1696 2401; x_wconf 79' lang='grc' dir='ltr'>Ι</span> 
     </span>
    </p>

    <p class='ocr_par' dir='ltr' id='par_1_4' title="bbox 224 2412 1852 2742">
     <span class='ocr_line' id='line_1_32' title="bbox 224 2412 1710 2456; baseline -0.001 -11"><span class='ocrx_word' id='word_1_289' title='bbox 224 2412 244 2445; x_wconf 67' lang='grc'>2</span> <span class='ocrx_word' id='word_1_290' title='bbox 278 2412 368 2456; x_wconf 40' lang='lat' dir='ltr'>intrusa</span> <span class='ocrx_word' id='word_1_291' title='bbox 499 2413 683 2444; x_wconf 75' lang='lat' dir='ltr'>liberalitati</span> <span class='ocrx_word' id='word_1_292' title='bbox 711 2412 927 2447; x_wconf 61' lang='lat' dir='ltr'>deleriorav:</span> <span class='ocrx_word' id='word_1_293' title='bbox 957 2414 1158 2444; x_wconf 80' lang='lat' dir='ltr'>liberalitatis</span> <span class='ocrx_word' id='word_1_294' title='bbox 1286 2414 1465 2455; x_wconf 82' lang='lat' dir='ltr'>imposuisti</span> <span class='ocrx_word' id='word_1_295' title='bbox 1594 2413 1614 2446; x_wconf 65' lang='lat' dir='ltr'>st</span> <span class='ocrx_word' id='word_1_296' title='bbox 1650 2413 1710 2444; x_wconf 81' lang='lat' dir='ltr'>filis</span> 
     </span>
     <span class='ocr_line' id='line_1_33' title="bbox 224 2471 1852 2506; baseline 0 -3"><span class='ocrx_word' id='word_1_297' title='bbox 224 2473 382 2503; x_wconf 66' lang='lat' dir='ltr'>contulisti</span> <span class='ocrx_word' id='word_1_298' title='bbox 416 2473 429 2503; x_wconf 62' lang='grc' dir='ltr'>,ὲ</span> <span class='ocrx_word' id='word_1_299' title='bbox 586 2472 604 2501; x_wconf 70' lang='grc' dir='ltr'>ἶ»</span> <span class='ocrx_word' id='word_1_300' title='bbox 641 2473 700 2503; x_wconf 72' lang='lat' dir='ltr'>tuis</span> <span class='ocrx_word' id='word_1_301' title='bbox 729 2471 856 2505; x_wconf 77' lang='lat' dir='ltr'>Gerlz:</span> <span class='ocrx_word' id='word_1_302' title='bbox 888 2473 981 2503; x_wconf 70' lang='lat' dir='ltr'>imnis</span> <span class='ocrx_word' id='word_1_303' title='bbox 1134 2474 1246 2504; x_wconf 73' lang='lat' dir='ltr'>alienis</span> <span class='ocrx_word' id='word_1_304' title='bbox 1274 2471 1488 2506; x_wconf 71' lang='lat' dir='ltr'>Pinct&#39;amcs:</span> <span class='ocrx_word' id='word_1_305' title='bbox 1519 2473 1590 2503; x_wconf 82' lang='lat' dir='ltr'>aliis</span> <span class='ocrx_word' id='word_1_306' title='bbox 1735 2472 1749 2505; x_wconf 74' lang='grc' dir='ltr'>’ἶ</span> <span class='ocrx_word' id='word_1_307' title='bbox 1788 2476 1852 2503; x_wconf 77' lang='lat' dir='ltr'>alte</span> 
     </span>
     <span class='ocr_line' id='line_1_34' title="bbox 225 2530 1851 2576; baseline -0.001 -13"><span class='ocrx_word' id='word_1_308' title='bbox 225 2532 347 2576; x_wconf 76' lang='lat' dir='ltr'>(prior</span> <span class='ocrx_word' id='word_1_309' title='bbox 375 2536 383 2562; x_wconf 83' lang='lat' dir='ltr'>t</span> <span class='ocrx_word' id='word_1_310' title='bbox 410 2541 517 2567; x_wconf 73' lang='lat' dir='ltr'>corr.)</span> <span class='ocrx_word' id='word_1_311' title='bbox 616 2534 636 2559; x_wconf 56' lang='lat' dir='ltr'>ts·</span> <span class='ocrx_word' id='word_1_312' title='bbox 668 2535 774 2573; x_wconf 67' lang='lat' dir='ltr'>potest</span> <span class='ocrx_word' id='word_1_313' title='bbox 801 2530 933 2573; x_wconf 75' lang='lat' dir='ltr'>(altera</span> <span class='ocrx_word' id='word_1_314' title='bbox 959 2538 968 2562; x_wconf 93' lang='grc'>1</span> <span class='ocrx_word' id='word_1_315' title='bbox 996 2530 1078 2573; x_wconf 71' lang='lat' dir='ltr'>del.)</span> <span class='ocrx_word' id='word_1_316' title='bbox 1209 2534 1228 2563; x_wconf 64' lang='grc' dir='ltr'>ξ’</span> <span class='ocrx_word' id='word_1_317' title='bbox 1265 2533 1294 2563; x_wconf 86' lang='lat' dir='ltr'>in</span> <span class='ocrx_word' id='word_1_318' title='bbox 1322 2532 1474 2563; x_wconf 81' lang='lat' dir='ltr'>ineolumi</span> <span class='ocrx_word' id='word_1_319' title='bbox 1503 2531 1643 2565; x_wconf 62' lang='lat' dir='ltr'>lirense:</span> <span class='ocrx_word' id='word_1_320' title='bbox 1673 2532 1747 2562; x_wconf 75' lang='lat' dir='ltr'>inco</span> <span class='ocrx_word' id='word_1_321' title='bbox 1774 2531 1851 2562; x_wconf 87' lang='lat' dir='ltr'>lumi</span> 
     </span>
     <span class='ocr_line' id='line_1_35' title="bbox 343 2598 1852 2657; baseline 0.001 -13"><span class='ocrx_word' id='word_1_322' title='bbox 343 2619 406 2645; x_wconf 71' lang='lat' dir='ltr'>alte</span> <span class='ocrx_word' id='word_1_323' title='bbox 434 2614 557 2657; x_wconf 71' lang='lat' dir='ltr'>(prior</span> <span class='ocrx_word' id='word_1_324' title='bbox 584 2619 590 2645; x_wconf 86' lang='lat' dir='ltr'>t</span> <span class='ocrx_word' id='word_1_325' title='bbox 620 2615 729 2656; x_wconf 72' lang='lat' dir='ltr'>corr.)</span> <span class='ocrx_word' id='word_1_326' title='bbox 873 2615 902 2647; x_wconf 92' lang='lat' dir='ltr'>ll</span> <span class='ocrx_word' id='word_1_327' title='bbox 936 2616 1107 2656; x_wconf 77' lang='lat' dir='ltr'>complexu</span> <span class='ocrx_word' id='word_1_328' title='bbox 1229 2598 1283 2645; x_wconf 80' lang='lat' dir='ltr'>tili¹</span> <span class='ocrx_word' id='word_1_329' title='bbox 1426 2614 1465 2647; x_wconf 74' lang='grc'>14</span> <span class='ocrx_word' id='word_1_330' title='bbox 1501 2615 1758 2656; x_wconf 79' lang='lat' dir='ltr'>inexpleblebilis</span> <span class='ocrx_word' id='word_1_331' title='bbox 1786 2614 1852 2654; x_wconf 73' lang='lat' dir='ltr'>(hle</span> 
     </span>
     <span class='ocr_line' id='line_1_36' title="bbox 224 2682 1851 2742; baseline -0.001 -14"><span class='ocrx_word' id='word_1_332' title='bbox 224 2694 362 2730; x_wconf 69' lang='lat' dir='ltr'>lineolis</span> <span class='ocrx_word' id='word_1_333' title='bbox 389 2695 518 2731; x_wconf 68' lang='lat' dir='ltr'>(lelela)</span> <span class='ocrx_word' id='word_1_334' title='bbox 646 2698 684 2730; x_wconf 62' lang='lat'>15»</span> <span class='ocrx_word' id='word_1_335' title='bbox 721 2698 764 2728; x_wconf 91' lang='lat' dir='ltr'>illi</span> <span class='ocrx_word' id='word_1_336' title='bbox 795 2696 921 2731; x_wconf 76' lang='lat' dir='ltr'>Gerlz:</span> <span class='ocrx_word' id='word_1_337' title='bbox 953 2698 1004 2729; x_wconf 86' lang='lat' dir='ltr'>ille</span> <span class='ocrx_word' id='word_1_338' title='bbox 1134 2698 1173 2731; x_wconf 65' lang='lat'>18</span> <span class='ocrx_word' id='word_1_339' title='bbox 1208 2682 1299 2729; x_wconf 81' lang='lat' dir='ltr'>notas</span> <span class='ocrx_word' id='word_1_340' title='bbox 1325 2702 1352 2739; x_wconf 73' lang='lat' dir='ltr'>(s</span> <span class='ocrx_word' id='word_1_341' title='bbox 1379 2708 1421 2731; x_wconf 84' lang='lat' dir='ltr'>m.</span> <span class='ocrx_word' id='word_1_342' title='bbox 1446 2698 1520 2742; x_wconf 75' lang='lat' dir='ltr'>pr.)</span> <span class='ocrx_word' id='word_1_343' title='bbox 1647 2697 1683 2730; x_wconf 74' lang='lat'>21</span> <span class='ocrx_word' id='word_1_344' title='bbox 1726 2697 1851 2738; x_wconf 79' lang='lat' dir='ltr'>regredi</span> 
     </span>
    </p>

    <p class='ocr_par' dir='ltr' id='par_1_5' title="bbox 224 2763 1716 2823">
     <span class='ocr_line' id='line_1_37' title="bbox 224 2763 1716 2823; baseline 0.001 -12"><span class='ocrx_word' id='word_1_345' title='bbox 224 2778 389 2823; x_wconf 67' lang='lat' dir='ltr'>Lipsius:</span> <span class='ocrx_word' id='word_1_346' title='bbox 420 2780 461 2810; x_wconf 86' lang='lat' dir='ltr'>ad</span> <span class='ocrx_word' id='word_1_347' title='bbox 484 2763 543 2820; x_wconf 52' lang='lat' dir='ltr'>Edi</span> <span class='ocrx_word' id='word_1_348' title='bbox 674 2779 714 2812; x_wconf 56' lang='lat' dir='ltr'>‘ll</span> <span class='ocrx_word' id='word_1_349' title='bbox 753 2786 848 2811; x_wconf 82' lang='lat' dir='ltr'>antea</span> <span class='ocrx_word' id='word_1_350' title='bbox 875 2781 985 2812; x_wconf 81' lang='lat' dir='ltr'>fuisses</span> <span class='ocrx_word' id='word_1_351' title='bbox 1122 2780 1165 2814; x_wconf 70' lang='lat'>‘25</span> <span class='ocrx_word' id='word_1_352' title='bbox 1202 2781 1367 2812; x_wconf 88' lang='lat' dir='ltr'>molliente</span> <span class='ocrx_word' id='word_1_353' title='bbox 1404 2781 1429 2811; x_wconf 79' lang='lat' dir='ltr'>si</span> <span class='ocrx_word' id='word_1_354' title='bbox 1457 2784 1551 2822; x_wconf 73' lang='lat' dir='ltr'>(aule</span> <span class='ocrx_word' id='word_1_355' title='bbox 1577 2781 1601 2811; x_wconf 84' lang='lat' dir='ltr'>si</span> <span class='ocrx_word' id='word_1_356' title='bbox 1629 2780 1716 2817; x_wconf 74' lang='lat' dir='ltr'>ras.)</span> 
     </span>
    </p>
   </div>
   <div class='ocr_carea' id='block_1_4' title="bbox 224 2837 478 2880">
    <p class='ocr_par' dir='ltr' id='par_1_6' title="bbox 224 2837 478 2880">
     <span class='ocr_line' id='line_1_38' title="bbox 224 2837 478 2880; baseline -0.008 -9"><span class='ocrx_word' id='word_1_357' title='bbox 224 2837 266 2871; x_wconf 63' lang='lat'>¹2?</span> <span class='ocrx_word' id='word_1_358' title='bbox 295 2839 478 2880; x_wconf 77' lang='lat' dir='ltr'>composuit</span> 
     </span>
    </p>
   </div>
  </div>
 </body>
</html>
