2008 3221
158 859 187 884 10

155 1565 188 1590 *20

158 2272 190 2295 3¹)

207 117 260 157 68
695 110 800 136 DIAL.
822 109 871 137 IV.
911 110 964 135 DE
986 110 1054 135 IRA
1073 109 1146 137 LIB.
1169 110 1207 136 11.
1251 110 1362 136 15—17.

207 210 370 262 ingenii,
403 208 477 248 sed
510 207 582 247 feri
615 213 656 246 et
689 206 959 246 intractabilis
991 205 1160 245 habent.
1213 207 1339 245 nem'o
1369 211 1509 246 autem
1532 218 1680 258 regere
1702 210 1844 258 potest

210 281 285 320 nisi
318 280 387 332 qui
420 285 461 318 et
492 279 591 329 regi.
654 276 739 316 fere
771 277 910 328 itaque
943 276 1116 334 imperia
1147 289 1276 329 penes
1308 290 1382 316 eos
1413 275 1741 329 suere-populos,
1773 276 1842 328 qui
1868 278 1888 312 5

210 351 373 390 mitiore
424 347 540 388 caelo
588 353 768 387 utuntur.
841 347 881 386 in
923 346 1078 398 frigora
1119 347 1533 399 septentrionemque
1575 345 1843 399 uergentibus

207 422 467 460 inmansueta
498 418 665 470 ingenia
697 422 804 466 sunt,
836 423 882 457 ut
913 418 969 457 ait
1000 423 1139 470 poeta,
1355 408 1357 410 ¹

774 502 912 538 suaque
941 490 1133 526 sirm'llz'ma
1166 490 1278 526 caelo.

326 560 442 600 XVI.
485 558 715 607 Animalia,
758 559 910 612 inquit,
943 559 1266 611 generosissima
1297 557 1525 607 habentur,
1557 558 1706 611 quibus
1739 557 1841 597 mul-

207 638 296 671 tum
330 632 436 670 inest
467 631 562 671 irae.
615 635 724 669 errat
755 631 824 682 qui
856 643 904 669 ea
938 630 978 669 in
1001 620 1245 682 exemplum
1273 628 1452 669 hominis
1480 629 1662 677 adducit,
1695 628 1844 681 quibus

207 716 284 755 pro
318 702 479 741 ratione
511 707 574 741 est
606 702 792 754 inpetus:
839 699 997 739 homini
1038 713 1116 752 pro
1148 700 1290 752 inpetu
1322 701 1427 739 ratio
1450 705 1526 741 est.
1587 700 1663 739 sed
1695 713 1746 738 ne
1767 698 1844 739 illis

207 773 378 826 quidem
422 772 617 811 omnibus
659 772 771 811 idem
810 772 1006 824 prodest:
1063 771 1275 810 iracundia
1306 770 1449 810 leones
1482 770 1668 819 adiuuat,
1711 783 1845 823 pauor

209 857 373 892 ceruos,
417 843 655 895 accipitrem
698 843 879 894 inpetus,
920 841 1162 881 columbam
1202 841 1310 893 fuga.
1373 842 1485 893 quid,
1517 841 1632 894 quod
1664 854 1714 879 ne
1746 840 1845 880 illud

209 915 377 966 quidem
401 927 546 952 uerum
570 918 644 961 est,
669 913 829 965 optima
851 911 1044 951 animalia
1067 925 1157 951 esse
1182 911 1515 951 iracundissima?
1559 910 1666 951 feras
1687 917 1844 964 putem,

207 984 356 1037 quibus
388 998 444 1023 ex
476 989 596 1037 raptu
630 983 826 1022 alimenta
858 988 964 1031 sunt,
997 981 1190 1022 meliores
1222 996 1306 1035 quo
1339 983 1536 1022 iratiores.
1599 983 1844 1035 patientiam

207 1054 461 1094 laudauerim
493 1054 625 1093 boum
658 1060 699 1093 et
732 1067 933 1106 equorum
968 1052 1107 1092 frenos
1139 1053 1414 1105 sequentium.
1476 1053 1576 1106 quid
1608 1059 1672 1092 est
1703 1059 1844 1092 autem

208 1139 279 1164 cur
330 1125 546 1165 hominem
599 1125 653 1164 ad
706 1130 793 1163 tam
846 1123 1020 1163 infelicia
1063 1123 1261 1176 exempla
1302 1137 1496 1172 reuoces,
1549 1137 1644 1163 cum
1687 1123 1845 1162 habeas

174 1213 186 1235 π
208 1197 411 1236 mundum
446 1197 666 1248 deumque,
700 1209 826 1247 quem
860 1208 915 1234 ex
948 1195 1142 1234 omnibus
1176 1194 1421 1234 animalibus
1444 1201 1489 1234 ut
1515 1194 1629 1234 solus
1651 1195 1843 1242 imitetur,

207 1267 319 1306 solus
361 1265 586 1319 intellegit?
630 1265 940 1319 simplicissimi,
982 1266 1133 1318 inquit,
1178 1266 1365 1305 omnium
1398 1265 1606 1305 habentur
1647 1265 1842 1305 iracundi.

208 1337 478 1377 fraudulentis
527 1338 635 1376 enim
686 1343 728 1376 et
769 1337 945 1376 uersutis
988 1342 1269 1390 conparantur
1310 1342 1352 1375 et
1393 1336 1601 1389 simplices
1641 1336 1844 1384 uidentur,

208 1409 303 1461 quia
346 1408 528 1460 expositi
569 1413 675 1447 sunt.
738 1420 844 1460 quos
876 1407 1048 1459 quidem
1081 1421 1166 1446 non
1199 1406 1406 1459 simplices
1439 1407 1635 1455 dixerim,
1677 1407 1754 1446 sed
1785 1407 1842 1445 in-

209 1484 366 1518 cautos.
429 1477 578 1527 stultis,
623 1477 844 1517 luxuriosis
887 1478 1195 1530 nepotibusque
1233 1476 1316 1517 hoc
1347 1490 1503 1516 nomen
1534 1478 1771 1530 inponimus
1803 1483 1846 1517 et

210 1549 405 1588 omnibus
437 1549 542 1588 uitiis
574 1562 722 1601 parum
755 1547 923 1589 callidis,

327 1619 463 1659 XVII.
517 1618 690 1667 Orator,
742 1619 888 1671 inquit,
941 1619 1068 1658 iratus
1110 1618 1334 1671 aliquando
1377 1618 1523 1659 melior
1565 1624 1638 1659 est.
1712 1615 1844 1658 i'mmo

207 1691 391 1730 imitatus
439 1691 601 1730 iratum.
673 1703 771 1729 nam
815 1696 857 1729 et
905 1689 1125 1729 histriones
1172 1690 1212 1729 in
1260 1690 1570 1743 pronuntiando
1620 1703 1705 1728 non
1756 1690 1846 1729 irati

208 1761 412 1814 populum
446 1766 630 1809 mouent,
669 1761 746 1799 sed
777 1761 927 1800 iratum
967 1760 1075 1800 bene
1109 1766 1306 1812 agentes:
1364 1766 1405 1799 et
1437 1761 1549 1813 apud
1581 1761 1737 1799 iudices
1769 1760 1842 1800 ita-

208 1846 290 1884 que
322 1838 362 1871 et
395 1832 435 1870 in
467 1831 663 1871 contione
696 1836 738 1870 et
770 1831 1021 1883 ubicumque
1044 1831 1163 1870 alieni
1184 1831 1309 1870 animi
1330 1831 1385 1870 ad
1407 1837 1597 1870 nostrum
1630 1831 1844 1870 arbitrium

209 1903 362 1954 agendi
403 1908 519 1950 sunt,
563 1902 694 1941 modo
727 1902 848 1948 iram,
893 1901 1022 1941 modo
1056 1907 1234 1950 metum,
1277 1902 1409 1941 modo
1442 1901 1768 1941 misericordiam
1801 1907 1845 1941 ut

209 1972 295 2012 aliis
327 1974 587 2021 incutiamus,
632 1973 707 2025 ipsi
739 1971 1046 2020 simulabimus,
1090 1978 1130 2011 et
1163 1986 1289 2025 saepe
1320 1973 1362 2012 id
1394 1971 1508 2025 quod
1541 1973 1626 2011 ueri
1659 1971 1845 2012 adfectus

209 2057 294 2082 non
349 2042 601 2091 effecissent,
655 2041 804 2082 efficiet
853 2043 1029 2082 imitatio
1078 2042 1330 2082 adfectuum.
1414 2042 1651 2095 languidus,
1703 2043 1844 2096 inquit,

210 2114 370 2153 animus
403 2119 476 2162 est,
509 2114 578 2165 qui
609 2114 667 2153 ira
700 2119 823 2154 caret.
897 2127 1041 2152 uerum
1075 2120 1155 2161 est,
1188 2114 1219 2152 si
1252 2112 1350 2152 nihil
1381 2112 1510 2153 habet
1541 2114 1600 2153 ira
1631 2112 1845 2153 ualentius.

210 2197 288 2223 nec
329 2183 536 2223 latronem
580 2190 749 2237 oportet
793 2197 883 2223 esse
928 2197 1005 2224 nec
1046 2185 1270 2236 praedam,
1314 2197 1390 2224 nec
1422 2184 1737 2224 misericordem
1770 2197 1847 2224 nec

212 2254 434 2294 crudelem.
507 2255 609 2294 illius
662 2256 782 2294 nimis
836 2255 973 2294 mollis
1025 2256 1207 2303 animus,
1260 2254 1380 2294 huius
1422 2255 1541 2294 nimis
1586 2255 1711 2294 durus
1753 2259 1840 2294 est:

212 2418 229 2451 4
260 2402 336 2460 sieta
467 2419 485 2451 ἰ)
514 2430 611 2459 suom
642 2418 674 2460 (o
701 2418 734 2451 ln
764 2423 852 2459 ras.)
997 2418 1007 2451 ἶ
1040 2419 1171 2449 adducit
1196 2428 1267 2451 non
1295 2410 1425 2450 abducit
1452 2417 1531 2452 cod.
1661 2417 1682 2451 8
1710 2419 1845 2459 impetus

307 2478 427 2519 impetu
557 2477 597 2509 1⁴¹
626 2477 702 2508 illud
730 2478 764 2519 (d
791 2486 840 2510 esc
868 2482 877 2508 t
905 2478 1015 2519 corr.)
1158 2475 1192 2508 133
1220 2478 1320 2508 boum
1347 2476 1566 2510 deteriores:
1596 2477 1717 2507 bonum

219 2537 255 2568 1¹.»
283 2532 452 2577 imponim'
483 2535 566 2579 (smil
593 2536 663 2577 inp)
830 2536 872 2568 ¹33⁴}
901 2536 987 2577 apud
1015 2535 1049 2577 (d
1076 2536 1185 2576 corr.)
1346 2537 1389 2568 ¹31¹.
1417 2536 1608 2566 incutiamus
1635 2535 1762 2568 celeri:
1799 2536 1846 2565 in-

212 2596 347 2626 cutimus
499 2591 701 2625 sexnulabim'
730 2593 797 2628 sed
821 2595 922 2626 semul
949 2594 982 2627 ιή
1011 2604 1082 2627 ras.
1247 2595 1377 2626 affectus
1405 2594 1523 2639 (prior
1549 2594 1563 2624 s
1585 2592 1695 2635 corr.)

213 2653 251 2686 21
291 2654 408 2685 efficiet
435 2651 553 2686 li’oclc:
592 2654 697 2684 effecit
732 2652 809 2686 cod.
836 2652 903 2686 secl
933 2652 1100 2696 sessurum
1129 2651 1273 2686 uidetur
1307 2652 1551 2686 71001'.x·.s·m·2'2mc
1584 2662 1662 2685 esse
1693 2656 1849 2696 propter

156 2745 159 2747 ,
212 2713 458 2747 ,ἰιηυὶαἲιίιηιιε;
497 2711 720 2745 coniunctum
758 2722 836 2744 cum
873 2722 913 2745 eo
949 2713 1105 2743 effecisset
1140 2710 1350 2754 (lel'cmlilw‘
1375 2710 1483 2744 simili
1507 2710 1584 2744 loco
1613 2709 1728 2752 Quint.
1763 2713 1788 2754 1,
1817 2713 1847 2751 1,

217 2773 255 2803 [s
293 2772 419 2801 maiora
453 2776 559 2801 tamen
594 2771 702 2811 aliqua
728 2782 806 2812 puer
833 2771 933 2802 discet
970 2772 1040 2812 ipso
1069 2771 1124 2802 illo
1152 2781 1236 2801 anno
1263 2781 1325 2811 quo
1352 2771 1480 2802 minora
1507 2771 1672 2801 didicisset

214 2831 354 2862 affectuii
384 2828 502 2874 (prior
529 2830 542 2859 Γ
565 2831 672 2870 corr.)
772 2829 815 2862 ⁴30
842 2830 998 2871 praedam
1028 2828 1211 2862 ssluretusx
1242 2829 1418 2871 predonem

465 2952 483 2966 Ο

1872 560 1890 593 1

1871 842 1892 876 10

1871 2048 1891 2081 Ὀ
