1982 3267
621 176 673 200 DE
693 175 1178 202 CODICE'MEDIOLANENSI.
1671 176 1723 201 XV

212 272 259 311 In
290 273 381 325 ipso
414 272 560 311 codice
592 271 702 311 nulla
734 271 818 311 fere
852 273 1088 311 discrimina
1121 278 1351 319 occurrunt,
1384 272 1458 311 nisi
1487 273 1600 324 quod
1634 272 1722 311 libri

94 342 147 381 de
179 344 237 382 ira
276 345 286 381 1
329 356 361 381 c.
399 345 414 381 1
453 348 494 381 et
528 344 550 381 2
587 356 717 394 usque
760 343 812 382 ad
857 342 985 381 uerba
1017 346 1156 392 capitis
1188 345 1360 392 dampna
1393 356 1518 382 manu
1551 342 1721 393 Longo-

93 413 265 452 bardica
305 411 372 452 illa
413 413 605 465 quidem,
648 414 723 452 sed
777 412 910 452 multo
955 413 1186 452 recentiore
1227 413 1380 464 pagina
1423 414 1600 452 aduersa
1641 412 1724 451 folii

94 484 312 531 undecimi,
345 497 471 536 quam
494 496 668 522 uacuam
691 483 911 535 reliquerat
940 496 1086 522 manus
1115 483 1236 535 prior,
1270 483 1440 535 expleta
1463 490 1535 523 est.
1601 483 1721 523 Cete-

92 567 231 593 rarum
264 554 508 605 paginarum
541 554 727 592 omnium
762 567 842 592 una
874 558 936 592 est
969 566 1137 600 manus,
1182 554 1223 592 id
1266 560 1329 593 est
1368 567 1450 592 uno
1489 560 1530 592 et
1563 552 1722 606 aequali

92 631 239 663 tenore
280 630 374 663 sunt
407 630 625 671 exaratae,
670 624 801 662 modo
834 623 1020 670 nitidius,
1064 623 1193 662 modo
1228 626 1425 671 crassius;
1472 623 1603 663 modo
1636 623 1721 662 dili-

92 695 274 747 gentius,
317 695 448 733 modo
492 694 780 746 neglegentius
823 699 864 732 et
902 696 1216 746 properantius;
1263 694 1408 733 litteris
1451 695 1582 734 modo
1626 694 1723 735 atris

92 771 132 803 et
164 764 402 816 splendidis,
436 766 567 803 modo
599 764 790 803 tenuibus
823 770 864 803 et
897 763 982 803 fere
1016 765 1201 803 euanidis
1232 766 1479 816 saepiusque
1514 764 1724 804 utilissima

92 848 221 888 opera
262 834 438 875 fideliter
479 836 689 874 renouatis
733 841 774 874 et
817 835 1079 886 recuperatis.
1144 835 1280 873 Prima
1320 848 1465 874 manus
1498 837 1586 887 ipsa
1618 850 1721 875 non-

92 919 341 957 numquam,
375 906 450 943 sed
483 918 576 944 raro
609 911 772 952 tamen,
805 904 987 956 singulas
1026 905 1182 944 litteras
1214 919 1338 957 supra
1370 905 1519 944 lineam
1552 906 1722 954 addidit,

91 976 253 1027 saepius
289 987 297 1024 ς
334 976 373 1013 in
416 975 497 1013 fine
530 975 852 1023 uocabulorum,
892 976 1103 1027 ceteroqui
1137 989 1243 1028 quae
1275 976 1380 1015 inter
1411 975 1539 1015 lineas
1571 977 1722 1017 inueni-

91 1051 224 1093 untur,
257 1052 327 1085 aut
359 1046 413 1084 ad
446 1058 617 1084 manum
651 1045 824 1085 alteram
859 1053 929 1085 aut
961 1047 1015 1085 ad
1043 1048 1321 1085 recentiorum
1355 1048 1725 1098 interpretamenta

90 1116 307 1156 referenda
348 1122 454 1156 sunt.
525 1116 810 1168 Interpunctio
863 1118 960 1168 quin
1002 1130 1047 1155 se
1090 1117 1203 1155 initio
1247 1116 1343 1155 solis
1386 1119 1547 1168 punctis
1591 1120 1720 1157 conti-

91 1188 225 1226 nuerit
279 1200 372 1225 cum
417 1186 590 1225 dubium
624 1200 706 1225 non
748 1187 811 1234 sit,
843 1194 993 1238 postea
1024 1187 1164 1225 omnia
1196 1187 1335 1238 signa,
1379 1200 1485 1239 quae
1518 1188 1599 1227 huc
1630 1202 1721 1240 per-

91 1258 244 1305 tinent,
287 1257 565 1304 accedebant,
611 1271 742 1310 aeque
785 1271 833 1296 ac
875 1257 1050 1297 lineolae
1093 1258 1240 1309 quibus
1279 1257 1345 1297 uel
1377 1258 1582 1297 uocabula
1615 1259 1723 1298 male

91 1327 286 1380 copulata
337 1328 571 1380 separanda
623 1327 689 1366 uel
732 1328 840 1367 male
889 1329 1092 1367 disiuncta
1135 1329 1426 1380 coniungenda
1468 1342 1559 1367 esse
1600 1330 1721 1381 signi-

89 1398 243 1438 ficatur.
309 1397 504 1438 Ceterum
539 1399 721 1446 correxit
753 1399 818 1437 uel
851 1400 908 1438 sic
940 1405 1081 1438 tamen
1114 1400 1248 1451 prima
1280 1412 1425 1438 manus
1458 1413 1564 1451 quae
1596 1401 1720 1453 scrip-

89 1476 199 1509 serat
231 1469 466 1521 aliquoties,
500 1470 575 1508 sed
604 1471 661 1508 ita
683 1475 727 1508 ut
755 1468 905 1508 lineola
937 1476 1173 1509 transuersa
1205 1483 1312 1521 quae
1345 1469 1479 1509 minus
1512 1470 1723 1522 placerent

94 1538 274 1587 deleret,
323 1553 638 1591 nonnumquam
681 1540 844 1591 punctis
896 1541 1081 1588 additis,
1123 1540 1253 1579 semel
1295 1539 1392 1580 solis
1433 1542 1596 1592 punctis
1640 1555 1721 1580 usa.

94 1610 239 1662 Itaque
268 1610 400 1649 habes
439 1613 470 1655 1,
507 1610 542 1659 3,
570 1610 592 1648 3
618 1613 688 1648 illis
721 1623 787 1661 se;
826 1611 863 1657 3,
900 1612 920 1649 7
954 1618 1126 1651 senalou
1159 1618 1216 1661 εις
1255 1612 1291 1663 3,
1333 1612 1356 1650 S
1398 1614 1547 1650 ostendi
1585 1618 1634 1651 el-
1661 1619 1720 1664 θη

96 1695 131 1744 5,
171 1694 232 1739 13,
268 1693 291 1730 2
323 1695 706 1742 mnes-zema,
754 1694 814 1743 17,
844 1695 857 1731 1
899 1696 1135 1732 alea-andra.
1168 1679 1318 1744 “dnm
1348 1680 1399 1739 ff?
1435 1695 1498 1743 17,
1533 1696 1555 1732 4
1591 1697 1655 1744 qm:
1685 1697 1723 1734 in

94 1773 186 1819 illm
218 1769 280 1819 18,
310 1771 325 1807 1
345 1772 542 1818 amputari
564 1772 699 1833 (ifzqwj
720 1782 826 1815 mam
851 1769 920 1809 ubi
944 1769 1092 1808 frustra
1111 1769 1237 1809 Gertz
1256 1784 1294 1822 p.
1310 1772 1361 1809 35
1387 1773 1556 1819 linquam
1581 1752 1724 1810 defen..

95 1852 194 1891 dere
221 1852 363 1891 studet
379 1865 395 1902 3.
422 1852 488 1898 30,
514 1854 536 1889 4
569 1855 697 1891 dicaam
720 1855 857 1892 Iullum
880 1857 1017 1903 plures
1035 1866 1161 1893 amne*
1179 1856 1432 1902 confecerunt
1464 1858 1578 1894 amici
1609 1867 1722 1903 qnam

93 1931 256 1980 Inim2'62'3
286 1931 350 1975 40,
382 1931 393 1967 l
424 1913 544 1966 astera·
571 1931 765 1978 incliynor,
797 1929 866 1968 ubi
900 1933 1012 1968 alteri
1042 1943 1285 1982 peruersum
1319 1943 1410 1968 esse
1432 1931 1562 1981 quiuis
1586 1931 1719 1977 uidet;

96 2000 132 2046 7,
155 2000 192 2049 9,
217 2001 240 2036 4
274 2002 366 2048 itaq.
408 2011 489 2049 que
515 2012 652 2049 erras3
694 2000 758 2046 17,
794 2001 816 2038 2
850 2012 920 2039 cur
952 2002 1016 2038 tihi
1037 2003 1195 2039 nitidior
1223 2004 1398 2049 suffssleae
1435 2004 1610 2050 supellex
1642 2005 1725 2040 est?

102 2072 168 2115 10,
212 2070 254 2116 9,
298 2071 321 2108 2
371 2073 446 2108 πίει·
487 2082 685 2119 οεειιραε,
735 2073 840 2118 fassit
888 2073 1545 2121 &maus—mma
1580 2084 1723 2110 cessas.

95 2139 193 2191 Quo
236 2140 369 2191 magis
411 2141 646 2179 mirandum
680 2148 742 2179 est
782 2141 945 2180 duobus
987 2141 1086 2180 locis
1129 2145 1164 2190 ὅ,
1190 2143 1256 2189 21,
1291 2144 1314 2180 5
1347 2145 1403 2181 sic
1440 2143 1582 2180 hahens
1623 2145 1723 2180 illam

93 2213 253 2249 ulterius
295 2213 529 2259 diligentiam
571 2223 621 2249 esc
663 2214 819 2250 consilio
855 2215 1077 2261 perdidisse
1119 2212 1247 2250 uerba
1287 2215 1446 2251 ulterius
1488 2215 1723 2261 diliqemimn

95 2279 233 2319 deleta
280 2293 364 2319 non
407 2294 498 2319 esse
544 2293 621 2319 nec
665 2298 700 2328 l,
736 2284 800 2332 24,
833 2284 856 2321 3
902 2295 1005 2331 quae
1046 2296 1124 2322 non
1167 2295 1244 2332 qua
1287 2284 1416 2322 le'berIS
1448 2284 1616 2322 debetur.
1655 2285 1728 2321 secl

95 2354 184 2418 (χαῖα
226 2370 355 2408 liberis
397 2370 567 2408 debetur.
608 2373 772 2419 sedqma
825 2372 971 2409 alibero
1014 2374 1142 2409 animo
1179 2374 1445 2419 proficiscitur
1487 2370 1616 2410 uerba
1656 2374 1728 2409 sed

95 2441 185 2506 qn²a
217 2457 342 2495 liberis
386 2458 557 2496 debetur.
617 2457 727 2496 Intra
770 2457 847 2497 hos
879 2459 1100 2505 terminos,
1143 2459 1197 2497 ad
1230 2471 1336 2510 quos
1369 2460 1574 2498 accedunt
1606 2460 1724 2511 pauci

94 2526 173 2565 loci
214 2527 364 2578 quibus
406 2527 535 2567 uerba
576 2528 680 2567 inter
722 2541 766 2567 se
810 2530 1012 2567 mutanda
1056 2542 1147 2567 esse
1200 2530 1349 2568 eadem
1403 2530 1535 2580 prima
1579 2543 1724 2568 manus

93 2598 308 2644 indicauit,
352 2598 383 2637 si
426 2591 666 2637 eme'ndatio
710 2599 865 2638 codicis
898 2612 942 2637 se
981 2600 1273 2647 continuisset,
1316 2606 1361 2638 ut
1404 2599 1541 2639 multis
1583 2613 1722 2652 super-

95 2668 336 2707 sederemus
372 2668 528 2716 turbis,
581 2670 638 2708 ita
679 2682 836 2721 magno
880 2675 921 2708 et
962 2683 1132 2722 prorsus
1183 2683 1296 2709 nouo
1338 2670 1479 2709 critico
1522 2672 1724 2723 adparatu

96 2750 340 2777 careremus.
404 2738 549 2791 Atque
581 2739 729 2778 turbae
760 2739 852 2779 illae
884 2742 1193 2779 interuenerunt
1222 2741 1396 2779 radendi
1426 2746 1467 2779 et
1491 2740 1723 2793 corrigendi

95 2807 395 2859 inportunitate
426 2822 500 2861 per
531 2815 668 2848 totum
701 2810 890 2849 codicem
934 2816 1143 2862 grassata,
1187 2812 1411 2863 adparatus
1443 2812 1559 2863 quasi
1592 2825 1724 2850 nouus

96 2882 137 2916 et
170 2877 406 2918 utilissimus
439 2892 564 2918 manu
597 2879 737 2919 altera.
