1977 3231
42 986 61 1017 ti

323 105 426 133 DIAL.
449 105 500 131 IX.
539 106 594 131 AD
616 106 803 131 SERENVM
827 106 877 131 DE
896 105 1248 138 TRANQVILLITATE
1271 104 1397 132 ANIMI.
1440 106 1478 131 Π.
1498 82 1502 86 ·
1621 107 1706 145 219

88 217 181 243 cum
214 202 392 254 puerulis
413 201 610 242 Socrates
633 202 775 242 ludere
798 217 881 241 non
905 201 1190 249 erubescebat,
1222 208 1263 241 et
1287 200 1394 240 Cato
1417 201 1513 240 uino
1535 199 1708 239 laxabat

87 274 270 313 animum
313 274 418 312 curis
460 272 632 325 publicis
674 271 914 324 fatigatum,
963 279 1005 312 et
1047 272 1187 325 Scipio
1228 270 1478 324 triumphale
1519 269 1618 309 illud
1661 283 1710 308 ac

87 343 262 383 militare
294 356 444 394 corpus
478 343 609 382 mouit
641 344 694 382 ad
727 356 943 391 numeros,
984 356 1067 382 non
1101 342 1281 382 molliter
1312 356 1357 381 se
1389 339 1632 391 infringens,
1665 344 1709 377 ut

87 427 196 453 nunc
227 427 320 452 mos
352 419 415 452 est
447 414 572 452 etiam
605 414 764 453 incessu
792 415 885 466 ipso
914 413 1019 452 ultra
1042 412 1286 452 muliebrem
1310 411 1525 451 mollitiam
1549 409 1707 448 fluenti-

87 483 183 532 bus,
215 484 290 523 sed
323 490 368 523 ut
399 485 554 536 antiqui
587 483 639 523 illi
672 484 743 523 uiri
775 483 967 523 solebant
999 485 1103 523 inter
1134 482 1268 522 lusum
1300 495 1349 521 ac
1380 481 1486 521 festa
1517 485 1710 531 tempora

88 554 244 594 uirilem
277 556 316 593 in
348 554 521 593 modum
553 538 797 607 tripudiare,
831 568 915 593 non
947 553 1091 593 facturi
1123 553 1432 599 detrimentum,
1465 551 1624 590 etiamsi
1655 549 1709 588 ab

88 624 278 664 hostibus
320 627 401 665 suis
443 630 738 677 spectarentur.
802 625 942 664 danda
981 630 1045 663 est
1082 623 1227 663 animis
1260 622 1472 662 remissio:
1519 620 1710 659 meliores

87 696 348 747 acrioresque
370 695 541 748 requieti
564 702 746 748 surgent.
797 701 842 735 ut
864 694 1062 734 fertilibus
1084 694 1193 745 agris
1215 707 1299 732 non
1322 699 1385 732 est
1407 691 1709 744 imperandum,

86 767 169 805 cito
202 766 311 805 enim
344 765 433 805 illos
456 765 674 805 exhauriet
695 779 923 818 numquam
947 765 1180 805 intermissa
1201 763 1441 811 fecunditas,
1474 762 1529 801 ita
1550 762 1708 800 animo-

87 849 177 875 rum
211 837 371 889 inpetus
403 836 600 875 adsiduus
631 835 751 875 labor
779 835 952 887 franget.
1006 835 1111 874 uires
1134 834 1331 886 recipient
1352 832 1519 886 paulum
1544 832 1710 873 resoluti

87 913 129 946 et
170 906 339 946 remissi.
402 907 581 946 nascitur
624 920 678 945 ex
720 907 970 946 adsiduitate
1007 905 1198 945 laborum
1231 904 1463 943 animorum
1495 903 1709 942 hebetatio

87 977 296 1030 quaedam
319 985 358 1016 et
380 976 565 1029 languor.
624 990 701 1016 nec
723 978 777 1016 ad
800 976 881 1016 hoc
902 982 1019 1016 tanta
1040 975 1258 1015 hominum
1281 975 1484 1027 cupiditas
1506 975 1710 1020 tenderet,

88 1047 160 1087 nisi
183 1047 413 1087 naturalem
437 1047 648 1099 quandam
672 1046 931 1099 uoluptatem
954 1046 1129 1086 haberet
1150 1045 1261 1084 lusus
1283 1045 1490 1097 iocusque.
1532 1057 1709 1097 quorum

87 1117 278 1170 frequens
320 1132 416 1157 usus
458 1131 585 1158 omne
623 1111 767 1157 'animis
799 1119 965 1170 pondus
998 1130 1252 1169 omnemque
1285 1115 1368 1155 uim
1401 1115 1566 1167 eripiet:
1613 1128 1710 1153 nam

88 1194 129 1228 et
169 1202 342 1228 somnus
384 1188 595 1228 refectioni
634 1189 888 1228 necessarius
928 1194 1014 1227 est:
1062 1187 1171 1226 hunc
1202 1193 1343 1226 tamen
1375 1199 1542 1238 semper
1573 1185 1605 1225 si
1637 1199 1710 1237 per

88 1260 198 1298 diem
232 1265 486 1312 noctemque
518 1259 754 1307 continues,
797 1272 911 1298 mors
944 1259 1028 1297 erit.
1092 1257 1268 1297 multum
1300 1257 1491 1304 interest,
1524 1256 1711 1295 remittas

90 1329 262 1382 aliquid,
305 1343 357 1368 an
396 1329 546 1369 soluas.
608 1330 748 1381 legum
787 1329 1028 1369 conditores
1062 1328 1190 1368 festos
1221 1328 1484 1367 instituerunt
1516 1326 1603 1365 dies
1616 1336 1634 1374 ‚·
1668 1332 1712 1366 ut

87 1401 141 1439 ad
173 1399 421 1440 hilaritatem
455 1400 643 1440 homines
675 1399 839 1453 publice
872 1405 1142 1451 cogerentur,
1185 1405 1401 1450 tamquam
1434 1397 1710 1436 necessarium

85 1471 297 1511 laboribus
337 1471 647 1523 interponentes
679 1476 1072 1523 temperamentum.
1137 1476 1179 1509 et
1211 1469 1371 1521 magni,
1413 1474 1458 1507 ut
1490 1467 1597 1515 dixi,
1639 1467 1711 1505 uiri

86 1542 255 1594 quidam
289 1541 365 1580 sibi
398 1546 630 1580 menstruas
662 1542 783 1597 certis
816 1540 960 1580 diebus
992 1540 1112 1580 ferias
1145 1541 1319 1587 dabant,
1351 1539 1520 1591 quidam
1552 1536 1706 1576 nullum

86 1626 169 1651 non
218 1613 329 1651 diem
378 1612 483 1651 inter
525 1612 656 1652 otium
699 1618 740 1651 et
784 1625 901 1651 curas
943 1611 1198 1651 diuidebant.
1271 1609 1435 1662 qualem
1479 1607 1709 1648 Pollionem

87 1683 279 1723 Asinium
325 1684 548 1733 [oratorem
593 1685 804 1735 magnum]
851 1683 1135 1730 meminimus,
1177 1695 1303 1734 quem
1346 1680 1456 1719 nulla
1499 1693 1562 1718 res
1604 1678 1711 1717 ultra

88 1755 309 1793 decumam
343 1754 528 1792 detinuit.
590 1768 642 1793 ne
675 1753 870 1806 epistulas
902 1753 1070 1805 quidem
1103 1758 1200 1805 post
1233 1765 1326 1791 eam
1359 1751 1506 1790 horam
1524 1749 1710 1801 legebat,

86 1838 138 1864 ne
169 1825 267 1876 quid
301 1837 437 1863 nouae
467 1837 588 1863 curae
610 1831 859 1871 nasceretur,
892 1825 967 1863 sed
990 1824 1118 1863 totius
1141 1823 1220 1862 diei
1242 1822 1524 1861 lassitudinem
1548 1820 1710 1860 duabus

86 1895 160 1935 illis
201 1894 311 1934 horis
349 1895 547 1947 ponebat.
609 1895 779 1947 quidam
813 1894 952 1933 medio
986 1894 1052 1933 die
1086 1893 1415 1933 interiunxerunt
1448 1898 1489 1931 et
1521 1892 1560 1930 in
1593 1897 1706 1943 post·
1730 1904 1752 1924 ·--

87 1966 335 2005 meridianas
367 1965 492 2004 horas
524 1965 676 2017 aliquid
707 1965 870 2004 leuioris
903 1978 1055 2016 operae
1089 1963 1344 2003 distulerunt.
1407 1961 1585 2001 maiores
1608 1975 1710 2014 quo-

86 2050 167 2088 que
200 2035 328 2075 nostri
362 2048 515 2074 nouam
549 2035 792 2075 relationem
826 2042 921 2087 post
953 2035 1101 2074 horam
1135 2035 1357 2074 decumam
1389 2033 1428 2072 in
1457 2038 1603 2071 senatu
1626 2032 1711 2071 fieri

1734 844 1763 868 10

1735 1195 1763 1219 15

1730 1546 1763 1571 20

87 2105 297 2145 uetabant.
364 2105 481 2145 miles
513 2105 669 2157 uigilias
702 2106 846 2145 diuidit
879 2111 921 2145 et
953 2119 1040 2144 nox
1073 2105 1250 2144 inmunis
1283 2109 1345 2143 est
1367 2103 1420 2142 ab
1444 2103 1711 2156 expeditione

89 2177 360 2216 redeuntium.
433 2176 732 2228 indulgendum
773 2182 835 2216 est
867 2176 1006 2215 animo
1040 2175 1309 2227 dandumque
1351 2173 1525 2213 subinde
1568 2174 1711 2220 otium,

87 2247 202 2299 quod
245 2247 427 2286 alimenti
469 2260 517 2286 ac
559 2247 704 2286 uirium
748 2246 843 2286 loco
885 2247 947 2285 sit.
1009 2252 1050 2285 et
1092 2246 1131 2284 in
1177 2243 1529 2284 ambulationibus
1561 2243 1712 2296 apertis

89 2318 349 2368 uagantium,
394 2323 436 2356 ut
480 2316 594 2356 caelo
629 2316 760 2356 libero
793 2322 834 2356 et
867 2316 998 2355 multo
1031 2316 1172 2368 spiritu
1205 2320 1357 2365 augeat
1389 2313 1635 2366 attollatque
1668 2327 1712 2352 se

88 2389 259 2427 animus.
312 2386 534 2439 aliquando
564 2388 744 2427 uectatio
773 2387 931 2439 iterque
955 2392 995 2426 et
1018 2391 1184 2425 mutata,
1200 2385 1315 2436 regio
1338 2384 1528 2436 uigorem
1553 2384 1708 2423 dabunt

88 2458 384 2510 conuictusque
416 2464 458 2497 et
489 2456 695 2497 liberalior
725 2458 854 2511 potio.
916 2469 1231 2509 nonnumquam
1264 2461 1306 2495 et
1337 2467 1467 2507 usque
1499 2453 1551 2493 ad
1580 2453 1710 2493 ebrie-

90 2587 109 2619 3
142 2587 244 2618 mouit
268 2584 342 2619 ΕΗ
372 2590 481 2618 mouet
600 2588 621 2614 8
657 2586 818 2627 requieti-5:⁴
943 2584 984 2618 10
1019 2586 1156 2626 impetus
1279 2583 1316 2616 ll
1352 2583 1474 2614 remissi
1503 2580 1575 2614 E¹:
1605 2582 1711 2612 emissi

231 2646 456 2677 exassiduitale
482 2644 532 2688 (in
559 2655 684 2689 marq.,
711 2656 754 2679 m.
782 2646 801 2677 2
829 2648 866 2677 ul
892 2642 1045 2685 uidetur,
1071 2643 1195 2683 labozl)
1325 2643 1490 2682 hebetatio
1614 2640 1652 2672 ‚15
1688 2641 1712 2671 si

89 2716 145 2748 per
179 2706 265 2736 diem
299 2703 432 2749 Neap.:
468 2705 495 2735 si
528 2705 614 2735 diem
759 2704 802 2737 2⁴2
839 2704 942 2734 asinii]
982 2703 1149 2747 (praeter
1183 2712 1217 2732 as
1251 2701 1285 2734 ln
1314 2701 1403 2743 ras.)
1548 2704 1710 2731 oratorem

90 2775 245 2805 magnum
272 2763 371 2797 uncis
396 2762 541 2797 inclusit
568 2762 690 2797 Haase
821 2763 1024 2794 meminimus
1052 2760 1100 2802 (in
1128 2761 1218 2803 ras.)
1341 2760 1384 2793 23
1419 2760 1553 2791 detinuit
1582 2757 1708 2793 Gertz:

90 2823 216 2855 retinuit
336 2822 380 2857 30
407 2823 583 2855 alimenti-i<-
611 2824 695 2864 (ras.
724 2832 803 2856 cnm
825 2832 947 2867 parua
973 2820 1119 2859 lacuna)

1733 2256 1764 2278 ῖῚὶ
