1977 3231
49 1173 92 1208 10

56 1808 89 1841 ll

365 154 468 180 DIAL.
490 153 541 181 IX.
580 154 635 179 AD
657 152 844 178 SERENVM
865 152 917 178 DE
936 149 1289 183 TRANQVILLITATE
1310 148 1438 175 ANIMI.
1477 149 1502 174 2.
1665 152 1744 190 197

124 251 238 302 quod
279 263 448 289 necesse
491 255 555 288 est
596 249 784 288 accidere
824 247 1115 301 pendentibus.
1178 245 1231 285 ad
1272 250 1373 285 uota
1412 258 1486 284 sua
1527 244 1641 282 omni
1683 245 1748 283 uia

123 321 300 359 tendunt
331 325 373 359 et
404 319 623 359 inhonesta
654 333 698 358 se
731 333 778 358 ac
811 317 988 358 difficilia
1020 319 1173 356 docent
1206 322 1456 368 coguntque,
1489 320 1529 353 et
1561 314 1630 353 ubi
1661 314 1747 353 sine

123 391 308 443 praemio
351 390 472 429 labor
504 396 587 438 est,
631 395 799 441 torquet
832 388 921 428 illos
953 388 1057 427 inriti
1090 388 1294 434 dedecus,
1336 400 1413 425 nec
1445 385 1589 424 dolent
1621 398 1747 437 praua

123 475 190 509 se,
231 460 310 499 sed
347 460 495 500 frustra
527 460 715 499 uoluisse.
780 465 877 498 tunc
908 458 999 497 illos
1032 464 1072 497 et
1105 457 1356 510 paenitentia
1388 456 1525 508 coepti
1558 460 1672 494 tenet
1705 460 1746 494 et

122 530 340 584 incipiendi
391 531 516 570 timor
566 530 833 582 subrepitque
885 528 951 568 illa
1001 528 1124 568 animi
1172 527 1338 575 iactatio
1380 540 1464 565 non
1506 526 1781 564 inuenientiss

122 601 302 649 exitum,
342 601 437 653 quia
469 615 545 640 nec
576 601 778 652 imperare
810 599 1101 652 cupiditatibus
1134 598 1213 637 suis
1246 611 1323 636 nec
1354 597 1527 648 obsequi
1561 601 1745 649 possunt,

121 677 163 711 et
205 672 411 711 cunctatio
464 673 575 712 uitae
616 685 763 724 parum
806 685 850 710 se
892 669 1136 722 explicantis
1181 674 1221 707 et
1262 668 1366 707 inter
1407 668 1605 707 destituta
1647 672 1746 706 uota

121 742 324 794 torpentis
356 743 479 781 animi
510 743 622 781 situs.
684 755 790 793 quae
821 741 961 780 onmia
992 740 1183 791 grauiora
1214 744 1320 786 sunt,
1352 739 1421 777 ubi
1454 738 1552 777 odio
1581 737 1743 776 infelici-

121 813 217 852 tatis
260 826 464 864 operosae
503 813 556 852 ad
589 813 719 851 otium
752 810 1020 864 perfugerunt
1052 823 1100 849 ac
1131 814 1292 848 secreta
1323 809 1479 856 studia,
1522 821 1628 860 quae
1660 808 1744 859 pati

120 897 204 923 non
245 889 385 935 potest
422 884 581 922 animus
613 883 668 922 ad
700 881 831 922 ciuilia
863 886 1024 920 erectus
1056 880 1289 932 agendique
1322 879 1494 931 cupidus
1527 883 1568 917 et
1600 884 1745 917 natura

120 954 297 1006 inquies,
341 967 486 1006 parum
529 953 682 993 scilicet
723 953 761 992 in
803 966 848 992 se
889 951 1138 991 solaciorum
1181 950 1366 989 habens:
1413 949 1507 988 ideo
1551 948 1745 988 detractis

120 1023 489 1072 oblectationibus,
532 1038 635 1076 quas
676 1024 790 1076 ipsae
827 1024 1123 1075 occupationes
1167 1020 1489 1060 discurrentibus
1531 1018 1744 1071 praebent,

120 1096 317 1143 domum,
359 1094 645 1142 solitudinem,
688 1095 864 1146 parietes
906 1107 990 1132 non
1031 1092 1129 1140 fert,
1179 1092 1327 1131 inuitus
1369 1080 1542 1143 adspicit
1584 1103 1628 1128 se
1669 1089 1745 1127 sibi

118 1165 292 1204 relictus.
355 1165 449 1204 hinc
500 1164 598 1204 illud
641 1170 703 1204 est
743 1165 927 1204 taedium
971 1170 1012 1203 et
1054 1162 1311 1215 displicentia
1352 1161 1412 1200 sui
1456 1166 1497 1200 et
1541 1172 1743 1211 nusquam

119 1237 334 1275 residentis
376 1236 500 1275 animi
541 1235 742 1274 uolutatio
786 1241 827 1274 et
868 1235 940 1274 otii
972 1234 1032 1273 sui
1064 1234 1188 1273 tristis
1220 1238 1346 1284 atque
1378 1245 1504 1283 aegra
1535 1230 1743 1283 patientia,

117 1307 257 1358 utique
289 1306 359 1346 ubi
390 1319 534 1345 causas
567 1306 683 1345 fateri
705 1306 835 1358 pudet
857 1311 898 1344 et
921 1310 1134 1344 tormenta
1155 1303 1354 1343 introrsus
1377 1303 1462 1354 egit
1485 1301 1744 1341 uerecundia›

117 1378 156 1416 in
198 1383 376 1429 angusto
419 1376 599 1416 inclusae
642 1377 890 1429 cupiditates
931 1376 1017 1415 sine
1059 1375 1174 1414 exitu
1216 1387 1260 1413 se
1301 1375 1415 1425 ipsae
1456 1371 1739 1422 strangulant:

117 1448 212 1487 inde
244 1461 410 1487 maeror
442 1461 688 1499 marcorque
720 1452 761 1486 et
794 1446 903 1486 mille
933 1446 1080 1485 fluctus
1103 1445 1253 1484 mentis
1275 1446 1466 1491 incertae,
1499 1455 1625 1494 quam
1649 1455 1743 1493 spes

117 1518 335 1557 inchoatae
367 1517 524 1558 habent
551 1531 808 1570 suspensam,
840 1517 1082 1569 deploratae
1113 1516 1285 1555 tristem.
1339 1515 1433 1553 inde
1468 1513 1533 1552 ille
1555 1511 1743 1552 adfectus

119 1591 248 1629 otium
291 1602 411 1628 suum
454 1589 750 1627 detestantium
793 1588 1137 1640 querentiumque
1169 1585 1266 1624 nihil
1297 1586 1408 1637 ipsos
1440 1583 1596 1622 habere
1628 1582 1742 1634 quod

117 1664 255 1711 agant,
289 1664 330 1698 et
361 1658 500 1698 alienis
531 1659 793 1698 incrementis
824 1658 1102 1697 inimicissima
1133 1656 1295 1696 inuidia.
1347 1654 1416 1694 alit
1439 1654 1546 1693 enim
1568 1653 1743 1692 liuorem

117 1729 257 1769 infelix
309 1729 454 1769 inertia
507 1736 548 1769 et
596 1743 743 1768 omnes
786 1729 941 1768 destrui
983 1728 1170 1780 cupiunt,
1222 1726 1318 1778 quia
1358 1738 1402 1764 se
1443 1738 1528 1763 non
1569 1729 1745 1775 potuere

118 1801 360 1853 prouehere.
435 1813 489 1839 ex
528 1799 607 1839 hac
648 1800 798 1839 deinde
840 1799 1099 1838 auersatione
1141 1797 1367 1837 alienorum
1399 1807 1670 1848 processuum
1703 1798 1744 1832 et

118 1885 288 1911 suorum
340 1866 633 1923 desperatione
683 1871 921 1910 obirascens
964 1869 1156 1909 fortunae
1198 1868 1357 1907 animus
1400 1872 1441 1906 et
1484 1867 1535 1905 de
1577 1863 1743 1903 saeculo

119 1955 295 1994 querens
327 1947 369 1981 et
399 1942 439 1980 in
471 1941 647 1994 angulos
679 1955 724 1980 se
756 1941 969 1980 retrahens
1002 1946 1043 1979 et
1075 1952 1238 1993 poenae
1270 1937 1468 1977 incubans
1496 1949 1606 1983 suae,
1640 1935 1739 1973 dum

119 2012 230 2052 illum
262 2013 406 2052 taedet
438 2013 499 2051 sui
529 2012 738 2064 pigetque.
791 2018 938 2051 natura
969 2011 1078 2050 enim
1110 2009 1315 2049 humanus
1348 2008 1508 2047 animus
1538 2005 1653 2057 agilis
1682 2011 1745 2044 est

120 2089 162 2123 et
194 2097 348 2135 pronus
380 2084 433 2122 ad
467 2088 618 2122 motus.
680 2088 800 2134 grata
831 2082 966 2121 omnis
998 2081 1051 2120 illi
1080 2080 1290 2120 excitandi
1322 2093 1366 2118 se
1395 2075 1745 2127 abstrahendique

120 2154 293 2193 materia
315 2159 388 2200 est,
421 2154 578 2205 gratior
598 2153 788 2205 pessimis
810 2152 1041 2204 quibusque
1062 2151 1245 2203 ingeniis,
1276 2163 1383 2201 quae
1405 2146 1744 2201 occupationibus

119 2223 294 2263 libenter
336 2224 599 2271 deteruntur,
642 2228 686 2262 ut
718 2222 854 2262 ulcera
885 2223 1092 2274 quaedam
1126 2221 1333 2260 nocituras
1366 2232 1510 2259 manus
1543 2213 1746 2270 adpetunt

121 2423 141 2455 ⁴.)
176 2423 306 2453 tendunt
340 2421 463 2466 Haupt
497 2432 575 2455 cum
609 2420 798 2455 emendata
832 2419 1057 2464 superiorum
1091 2417 1394 2463 interpunctionet
1432 2420 1572 2460 pendunt

122 2482 141 2513 :3
177 2482 261 2512 inriti
287 2479 408 2514 Koch:
446 2481 574 2512 inritum
609 2478 687 2516 cod,
719 2478 786 2513 sed
817 2489 886 2512 non
923 2477 1080 2512 dedecus
1114 2477 1258 2510 inritum
1292 2481 1355 2517 est,
1382 2475 1448 2510 secl
1472 2476 1575 2511 labor

122 2550 222 2581 praua
249 2537 466 2573 deteriores:
495 2550 597 2581 parua
741 2538 760 2570 4
788 2549 822 2569 se
847 2538 903 2570 sed
930 2538 1043 2568 frustra
1070 2535 1211 2570 Haase:
1241 2547 1274 2567 se
1300 2536 1413 2567 frustra
1558 2536 1578 2571 6
1606 2538 1709 2579 obseq
1725 2549 1744 2567 κ

242 2598 261 2631 Ω
292 2598 497 2639 perfugerunt
515 2609 553 2629 ac
575 2596 703 2632 Gertz:
732 2598 914 2639 pfugerunt.
942 2597 983 2627 ad
1108 2595 1148 2628 10
1175 2595 1217 2625 ad
1244 2595 1351 2626 ciuilia
1377 2599 1498 2626 erectus
1526 2594 1742 2630 deteriores:

1027 2658 1055 2678 tu

122 2691 274 2722 adciuilia
300 2696 403 2723 rectus
431 2693 463 2735 (a
489 2691 606 2734 altera
632 2691 741 2732 corr.)
830 2717 832 2720 ,
870 2691 904 2723 11
935 2691 1037 2732 inqies
1063 2687 1141 2722 cod.
1170 2690 1326 2730 inquietus
1354 2687 1552 2723 deteriores
1578 2693 1611 2723 et
1635 2688 1744 2733 uulyo

249 2749 291 2782 12
317 2751 452 2791 prebent
591 2749 631 2783 14
659 2750 785 2782 relictus
811 2748 887 2782 ΕΗ
917 2749 1061 2780 relictum
1199 2748 1288 2780 tedii—1
1429 2747 1471 2780 1⁵¹
1498 2759 1604 2779 meror

123 2812 153 2840 et
188 2809 240 2840 ille
273 2809 383 2840 fluetus
410 2807 595 2843 Bentlez'zls
741 2808 783 2841 19
819 2808 1008 2849 deploratae
1035 2804 1234 2840 Bentlez‘usz
1264 2807 1437 2848 deplorata
1473 2806 1508 2847 (a
1534 2817 1639 2845 corr„
1663 2804 1745 2849 fere

124 2870 259 2901 certum
285 2870 345 2907 est,
368 2866 486 2911 fuisse
511 2869 542 2909 e)
664 2866 707 2900 25
735 2877 817 2908 pene)
937 2866 980 2900 29
1007 2869 1039 2897 ut
1065 2866 1171 2897 ulcera
1199 2864 1246 2908 (ut
1271 2866 1302 2896 ul
1327 2865 1363 2898 z'n
1389 2864 1477 2907 ras.)

1769 887 1798 911 10

1766 1240 1797 1266 15

1763 1592 1796 1619 '20

1761 1944 1793 1969 25
