2008 3221
261 142 313 182 78
739 129 844 157 DIAL.
869 129 919 156 IV.
959 127 1012 153 DE
1032 126 1102 153 IRA
1125 126 1193 152 [ΑΒ.
1216 125 1253 152 11.
1293 126 1409 152 ’ΞΩ-31.

260 234 462 275 debuerit.
535 243 620 269 non
663 234 747 276 est,
790 226 941 278 inquit,
984 224 1100 278 quod
1144 237 1212 263 me
1253 221 1493 276 protrahas,
1539 233 1620 272 ego
1661 219 1890 272 productus

260 303 439 356 negabo.
511 300 663 352 alioqui
710 297 809 337 nihil
853 308 1053 349 umquam
1096 294 1170 334 tibi
1212 293 1360 333 dicam.
1433 292 1587 332 eodem
1625 296 1819 343 tempore
1851 294 1893 328 et

261 375 429 425 instigat
461 378 503 412 et
540 371 629 423 ipse
661 383 706 408 se
737 366 952 408 certamini
990 378 1241 419 pugnaeque
1272 362 1488 403 subtrahit.
1551 362 1620 414 qui
1651 360 1787 400 dicere
1818 358 1893 399 tibi

261 445 335 484 nisi
377 443 483 482 clam
526 454 612 480 non
654 439 762 487 uult,
807 450 940 490 paene
982 449 1067 476 non
1115 435 1224 474 dicit.
1286 434 1386 487 quid
1428 438 1491 473 est
1541 431 1715 484 iniquius
1766 443 1892 483 quam

211 529 226 552 5
266 520 429 555 secreto
461 512 644 559 credere,
676 509 817 564 palam
849 508 992 548 irasci?

381 583 519 624 XXX.
583 581 862 634 Quorundam
904 578 981 631 ipsi
1022 568 1152 617 testes
1193 589 1345 616 sumus.
1409 575 1448 614 in
1492 574 1554 614 his
1596 578 1787 613 naturam
1821 585 1893 611 ex-

265 655 467 695 cutiemus
519 652 864 703 uoluntatemque
915 648 1162 689 facientium.
1235 659 1338 699 puer
1389 651 1474 685 est:
1529 644 1656 684 aetati
1707 644 1897 683 donetur.

265 726 396 766 nescit
428 738 480 764 an
512 729 672 777 peccet.
736 727 856 775 pater
888 726 974 759 est:
1025 725 1096 758 aut
1127 723 1290 757 tantum
1323 716 1487 769 profuit,
1521 720 1565 754 ut
1596 714 1649 754 illi
1682 715 1807 753 etiam
1839 714 1896 752 in-

266 797 391 836 iuriae
443 797 502 835 ius
555 795 617 842 sit,
671 799 741 833 aut
794 791 971 831 fortasse
1023 791 1158 843 ipsum
1210 788 1294 828 hoc
1336 787 1530 827 meritum
1573 785 1658 825 eius
1701 790 1764 824 est
1815 797 1899 837 quo

218 886 247 910 10
268 867 532 908 offendimur.
596 854 742 904 mulier
785 869 872 903 est:
920 867 1039 902 errat.
1101 861 1231 899 iussus
1274 864 1363 898 est:
1419 856 1654 897 necessitati
1695 856 1785 908 quis
1826 854 1900 894 nisi

267 940 427 991 iniquus
465 937 704 976 suscenset?
758 934 893 974 laesus
937 938 1020 972 est:
1077 945 1163 970 non
1206 935 1268 969 est
1310 929 1453 968 iniuria
1494 927 1581 980 pati
1623 927 1738 980 quod
1790 925 1902 979 prior

268 1009 423 1049 feceris.
487 1007 615 1046 iudex
648 1012 735 1046 est:
783 1004 874 1058 plus
914 1002 1059 1043 credas
1101 1001 1203 1041 illius
1234 1000 1466 1040 sententiae
1498 1011 1624 1051 quam
1656 1003 1764 1037 tuae.
1827 1009 1903 1036 rex

270 1087 358 1120 est:
395 1080 427 1119 si
459 1084 683 1118 nocentem
706 1077 833 1129 punit,
863 1076 967 1115 cede
989 1073 1176 1120 iustitiae,
1209 1072 1241 1111 si
1263 1073 1542 1118 innocentem,
1575 1069 1679 1108 cede
1701 1067 1903 1107 fortunae.

241 1157 434 1191 ⁴mutum
474 1147 627 1189 animal
670 1153 732 1187 est
775 1151 846 1186 aut
886 1144 1018 1185 simile
1061 1149 1206 1184 muto:
1253 1141 1422 1181 imitaris
1461 1140 1582 1188 illud,
1635 1139 1667 1178 si
1708 1138 1936 1178 irasceris?

222 1238 252 1263 15
272 1221 446 1262 morbus
480 1226 543 1260 est
575 1224 645 1259 aut
678 1218 917 1257 calamitas:
954 1216 1084 1256 leuius
1117 1213 1316 1254 transiliet
1347 1213 1634 1252 sustinentem.
1698 1210 1801 1249 deus
1823 1214 1901 1248 est:

273 1299 359 1332 tam
401 1291 541 1345 perdis
586 1303 760 1342 operam
806 1301 900 1328 cum
944 1285 997 1326 illi
1039 1285 1246 1333 irasceris,
1297 1296 1425 1336 quam
1479 1295 1574 1321 cum
1626 1280 1739 1320 illurn
1792 1278 1908 1319 alteri

273 1363 454 1416 precaris
496 1362 657 1401 iratum.
719 1360 856 1399 bonus
889 1358 948 1397 uir
992 1363 1056 1397 est
1087 1356 1156 1409 qui
1197 1354 1384 1395 iniuriam
1433 1353 1552 1393 fecit:
1599 1350 1682 1392 noli
1725 1351 1908 1390 credere.

275 1434 433 1473 malus:
481 1432 564 1473 noli
604 1431 752 1479 mirari,
797 1430 915 1469 dabit
956 1441 1116 1481 poenas
1159 1426 1275 1466 alteri
1307 1438 1411 1478 quas
1454 1423 1583 1464 debet
1614 1422 1710 1470 tibi,
1753 1426 1795 1461 et
1826 1421 1908 1460 iam

276 1505 352 1544 sibi
385 1504 501 1543 dedit
533 1503 602 1555 qui
633 1501 833 1555 peccauit.

223 1590 257 1615 20
395 1574 553 1614 XXXI.
616 1573 714 1612 Duo
766 1577 878 1619 sunt,
932 1575 977 1610 ut
1029 1569 1140 1617 dixi,
1203 1581 1310 1620 quae
1362 1566 1618 1606 iracundiam
1670 1563 1906 1603 concitant:

276 1645 469 1699 primum,
502 1645 534 1683 si
567 1644 753 1683 iniuriam
786 1643 976 1682 uidemur
1007 1639 1230 1693 accepisse.
1294 1638 1348 1677 de
1389 1637 1473 1677 hoc
1515 1636 1614 1676 satis
1647 1635 1804 1674 dictum
1838 1638 1912 1673 est.

278 1717 441 1763 deinde,
474 1716 507 1754 si
538 1715 676 1768 iniqua
697 1714 918 1766 accepisse.
981 1710 1034 1751 de
1056 1710 1139 1750 hoc
1162 1709 1386 1749 dicendum
1408 1713 1482 1747 est.
1544 1706 1682 1759 iniqua
1702 1704 1912 1757 quaedam

277 1788 459 1828 iudicant
501 1785 715 1833 homines,
758 1785 854 1837 quia
895 1783 980 1836 pati
1022 1795 1108 1821 non
1147 1780 1387 1832 debuerint,
1429 1778 1660 1831 quaedam,
1701 1776 1913 1828 quianon

278 1858 547 1911 sperauerint.
609 1857 780 1908 indigna
811 1861 1007 1907 putamus
1029 1865 1137 1906 quae
1159 1851 1372 1904 inopinata
1398 1855 1504 1889 sunt.
1566 1849 1706 1900 itaque
1728 1846 1915 1885 maxime

225 1949 259 1974 25
281 1933 555 1969 commouent
587 1940 694 1980 quae
726 1931 873 1965 contra
904 1937 1024 1977 spem
1070 1922 1496 1975 expectationemque
1539 1923 1775 1958 euenerunt.
1838 1929 1915 1955 nec

280 1999 391 2039 aliud
423 2004 486 2038 est
518 2011 646 2051 quare
679 1997 718 2036 in
751 1995 993 2035 domesticis
1026 1993 1197 2033 minima
1220 1990 1452 2039 offendant,
1485 1990 1523 2029 in
1555 1989 1697 2029 amicis
1728 1987 1914 2027 iniuriam

280 2068 845 2121 uocemus‘neglegentiam.
909 2064 1131 2118 quomodo
1175 2077 1299 2116 ergo,
1343 2062 1493 2115 inquit,
1535 2060 1794 2100 inimicorum
1837 2070 1915 2098 nos
1941 2068 1959 2099 ξ’

280 2141 446 2180 iniuriae
499 2140 699 2178 mouent?
763 2138 858 2191 quia
910 2149 995 2175 non
1047 2134 1365 2188 expectauimus
1417 2131 1503 2171 illas
1556 2136 1627 2171 aut
1669 2134 1782 2169 certe
1831 2141 1916 2168 non

265 2217 429 2260 ‚tantas
491 2210 573 2250 hoc
626 2207 750 2248 efficit
802 2221 921 2247 amor
973 2206 1102 2246 nostri
1154 2205 1315 2244 nimius.
1387 2202 1607 2242 inuiolatos
1659 2213 1736 2240 nos
1789 2198 1915 2239 etiam

229 2296 262 2322 30
283 2282 453 2322 inimicis
496 2280 725 2319 iudicamus
768 2292 858 2318 esse
903 2277 1069 2317 debere.
1133 2276 1241 2328 regis
1283 2275 1457 2327 quisque
1500 2273 1605 2312 intra
1646 2284 1691 2310 se
1733 2271 1916 2309 animum

282 2353 423 2401 habet,
456 2358 500 2391 ut
531 2351 738 2390 licentiam
771 2350 846 2390 sibi
880 2349 968 2389 dari
1000 2347 1108 2395 uelit,
1151 2347 1190 2386 in
1223 2360 1268 2386 se
1300 2344 1412 2385 nolit.
1476 2349 1546 2383 aut
1577 2341 1810 2394 ignorantia
1841 2341 1914 2380 ita-

283 2437 364 2476 que
396 2436 473 2461 nos
519 2428 589 2460 aut
632 2420 852 2460 insolentia
895 2419 1119 2458 iracundos
1163 2416 1271 2456 facit.
1339 2414 1572 2467 ignorantia
1613 2425 1770 2452 rerum:
1818 2411 1918 2463 quid

285 2494 394 2533 enim
442 2493 591 2532 mirum
635 2498 697 2531 cst
736 2490 870 2530 malos
913 2489 1023 2529 mala
1066 2487 1249 2527 facinora
1291 2487 1444 2526 edere?
1488 2485 1586 2537 quid
1630 2483 1726 2522 noui
1769 2487 1843 2530 est,
1885 2481 1918 2521 si

285 2564 470 2603 inimicus
522 2568 660 2610 nocet,
712 2562 869 2601 amicus
922 2559 1118 2607 offendit,
1171 2557 1275 2597 filius
1326 2556 1498 2604 labitur,
1550 2566 1692 2593 seruus
1743 2553 1917 2605 peccat?

381 2742 400 2773 2
429 2740 569 2770 dicam*
605 2742 693 2775 (ras.
718 2737 882 2781 fortasse
902 2734 1046 2781 pzmcte‘)
1162 2734 1192 2766 ll
1225 2734 1350 2774 iniquus·
1379 2732 1468 2773 (quus
1496 2729 1530 2763 2⁰71
1559 2729 1647 2770 ras.)
1755 2728 1791 2761 15
1819 2738 1919 2769 pena<

381 2798 425 2832 :20
451 2798 615 2829 concitant
637 2794 823 2841 plerique:
854 2796 995 2828 cocitent
1024 2794 1067 2829 (ci
1094 2792 1205 2833 corr.)
1312 2790 1356 2824 ‘2⁸2
1383 2791 1490 2831 iniqua
1518 2788 1683 2829 accepis-se
1710 2784 1916 2820 Ble'cllctele's:

289 2858 372 2899 iniq;
403 2857 567 2898 accepisse
666 2855 710 2888 53ss
739 2856 825 2886 aliud
854 2855 889 2895 (d
916 2853 1027 2890 corr.)

1934 1144 1951 1175 lv

1940 1855 1960 1877 ⁴)

1941 1879 1960 1886 Ν
