2008 3221
212 106 295 146 236
512 102 615 129 DIAL.
629 102 666 129 X.
704 102 759 127 AD
780 101 984 127 PAVLINVM
1009 102 1059 127 DE
1079 102 1304 127 BREVITATE
1324 103 1454 129 VITAE.
1499 105 1538 131 13.

210 213 316 252 quae
348 200 434 238 siue
456 200 681 243 contineas,
714 198 811 237 nihil
833 199 1001 238 tacitam
1025 198 1322 239 conscientiam
1345 199 1496 247 iuuant,
1528 200 1613 239 siue
1636 199 1835 251 proferas,

211 284 295 309 non
328 270 491 309 doctior
524 269 709 316 uidearis,
741 270 817 307 sed
849 268 1077 308 molestior.
1138 283 1236 309 ecee
1260 270 1480 309 Romanos
1502 283 1668 321 quoque
1690 270 1837 309 inuasit
1863 282 1883 311 .··,

211 341 331 379 inane
371 340 553 379 studium
596 353 852 391 superuacua
893 340 1104 379 discendi:
1156 339 1217 379 his
1261 340 1406 379 diebus
1449 341 1587 379 audiui
1628 341 1838 393 quendam

213 410 481 457 referentem,
530 424 637 463 quae
678 410 833 461 primus
875 410 1048 462 quisque
1090 424 1144 450 ex
1187 411 1390 450 Romanis
1433 410 1606 449 ducibus
1648 410 1835 450 fecisset:

212 481 368 533 primus
416 480 550 520 nauali
592 480 751 533 proelio
794 480 952 520 Duilius
997 481 1113 528 uicit,
1163 481 1320 533 primus
1364 480 1509 520 Curius
1552 481 1760 520 Dentatus
1802 481 1840 519 in

165 843 193 868 ΙΟ

164 1197 195 1221 15

163 1550 196 1574 20

212 550 424 604 triumpho
458 552 576 591 duxit
611 551 870 603 elephantos.
934 551 1171 590 etiamnunc
1200 551 1286 599 ista,
1320 552 1396 590 etsi
1419 553 1474 591 ad
1497 565 1639 591 ueram
1662 550 1840 603 gloriam

213 636 294 661 non
343 623 540 669 tendunt,
591 623 697 662 circa
745 621 920 661 ciuilium
971 627 1113 661 tamen
1155 635 1331 674 operum
1374 621 1571 674 exempla
1614 628 1841 662 uersantur.

213 707 296 732 non
339 699 401 732 est
443 692 659 745 profutura
699 692 790 732 talis
832 693 1022 740 scientia,
1068 698 1131 732 est
1173 698 1340 740 tamen,
1382 706 1490 745 quae
1534 706 1610 732 nos
1653 685 1844 745 speciosa

214 778 350 803 rerum
401 764 582 803 uanitate
628 764 824 803 detineat.
898 763 979 803 hoc
1016 777 1190 815 ,quoque
1233 763 1527 815 quaerentibus
1570 763 1842 811 remittamus,

213 834 302 887 quis
345 834 547 874 Romanis
589 835 747 887 primus
791 834 1041 886 persuaserit
1083 847 1234 873 nauem
1279 834 1575 873 conscendere.
1648 832 1844 873 Claudius

214 906 244 945 is
278 904 371 953 suit,
406 904 580 944 Caudex
613 905 670 944 ob
703 904 786 944 hoe
817 906 952 957 ipsum
986 904 1238 957 adpellatus,
1271 905 1367 957 quia
1399 904 1575 956 plurium
1608 904 1843 944 tabularum

215 982 438 1015 contextus
484 976 649 1015 caudex
688 977 800 1029 apud
843 975 1036 1028 antiquos
1076 981 1270 1023 uocatur,
1313 975 1424 1014 unde
1456 974 1647 1027 publicae
1680 974 1845 1014 tabulae

215 1047 380 1086 codices
423 1047 613 1086 dicuntur
656 1052 697 1086 et
736 1060 863 1086 naues
902 1059 1010 1086 nunc
1042 1059 1212 1098 quoque
1244 1059 1299 1085 ex
1331 1046 1501 1097 antiqua
1533 1045 1846 1093 consuetudine,

215 1132 322 1170 quae
354 1123 616 1157 commeatus
648 1131 722 1170 per
744 1117 931 1157 Tiberim
954 1116 1203 1164 subuehunt,
1237 1117 1469 1155 codicariae
1492 1122 1704 1155 uocantur.
1746 1129 1846 1155 sane
1873 1126 1883 1157 ῖ

215 1195 257 1227 et
289 1188 370 1228 hoc
402 1189 455 1228 ad
486 1201 574 1227 rem
596 1188 813 1240 pertineat,
846 1188 960 1240 quod
984 1186 1174 1227 Valerius
1199 1186 1402 1226 Coruinus
1424 1187 1580 1239 primus
1603 1186 1845 1226 Messanam

216 1259 309 1298 uicit
342 1266 383 1298 et
415 1259 571 1311 primus
604 1272 659 1298 ex
692 1258 845 1298 familia
878 1258 1144 1298 Valeriorum
1177 1257 1288 1297 urbis
1322 1263 1471 1309 captae
1501 1258 1542 1297 in
1570 1271 1615 1296 se
1644 1256 1846 1297 translato

216 1331 384 1369 nomine
437 1329 632 1369 Messana
684 1329 917 1381 adpellatus
970 1336 1033 1368 est
1081 1328 1365 1381 paulatimque
1408 1327 1537 1379 uolgo
1580 1333 1847 1380 permutante

215 1400 372 1440 litteras
415 1399 613 1440 Messalla
656 1400 809 1439 dictus:
856 1413 957 1439 num
1001 1406 1042 1439 et
1084 1400 1166 1439 hoc
1209 1399 1399 1451 cuiquam
1443 1412 1587 1438 curare
1619 1399 1847 1450 permittes,

216 1472 331 1523 quod
374 1472 530 1524 primus
563 1471 609 1510 L.
643 1470 756 1510 Sulla
797 1471 836 1510 in
876 1471 984 1510 circo
1018 1470 1160 1509 leones
1192 1469 1355 1509 solutos
1390 1470 1526 1516 dedit,
1570 1482 1665 1508 cum
1698 1468 1850 1520 alioqui

216 1542 387 1594 adligati
422 1542 638 1590 darentur,
672 1542 725 1581 ad
759 1541 1043 1581 conficiendos
1076 1555 1149 1595 eos
1183 1541 1315 1580 missis
1348 1554 1372 1579 a
1403 1553 1503 1592 rege
1536 1539 1707 1579 Boccho
1740 1539 1847 1579 iacu-

216 1613 443 1652 latoribus?
498 1618 539 1652 et
581 1612 662 1652 hoc
705 1626 806 1652 sane
847 1613 1107 1652 remittatur:
1155 1625 1254 1651 num
1298 1617 1339 1650 et
1379 1611 1626 1663 Pompeium
1668 1611 1849 1663 primum

217 1685 255 1723 in
305 1685 413 1724 circo
464 1684 783 1737 elephantorum
834 1683 1123 1735 duodeuiginti
1167 1696 1351 1735 pugnam
1395 1682 1575 1721 edidisse
1618 1681 1850 1720 commissis

219 1769 336 1795 more
379 1755 523 1808 proelii
564 1755 742 1794 innoxiis
785 1754 1023 1794 hominibus
1067 1755 1121 1793 ad
1163 1753 1288 1794 ullam
1333 1766 1420 1792 rem
1454 1752 1611 1792 bonam
1644 1752 1849 1804 pertinet?

219 1827 410 1879 princeps
463 1825 638 1865 ciuitatis
681 1832 722 1864 et
764 1826 868 1864 inter
910 1825 1103 1877 antiquos
1145 1824 1370 1877 principes,
1427 1830 1472 1863 ut
1516 1822 1627 1862 fama
1668 1821 1851 1869 tradidit,

193 1897 420 1936 vbonitatis
454 1897 642 1944 eximiae,
676 1896 951 1936 memorabile
984 1896 1146 1948 putauit
1178 1894 1401 1948 spectaculi
1435 1907 1565 1946 genus
1598 1907 1711 1933 nouo
1734 1906 1853 1932 more

221 1969 398 2021 perdere
440 1967 642 2007 homines.
716 1968 987 2020 depugnant?
1042 1980 1188 2019 parum
1233 1971 1305 2006 est.
1379 1965 1662 2005 lancinantur?
1705 1977 1852 2017 parum

227 2086 237 2118 1
279 2086 359 2117 nihil
394 2087 526 2117 tacitam
562 2085 794 2116 conscientiam
823 2081 946 2127 iuuant]
981 2082 1028 2127 cf.
1056 2082 1146 2117 Hot'.
1174 2093 1279 2117 serm.
1311 2085 1340 2125 1,
1370 2085 1400 2125 6,
1431 2082 1495 2114 122
1523 2086 1576 2113 aut
1602 2092 1664 2122 ego
1692 2081 1775 2112 lecto
1802 2084 1855 2111 aut

223 2182 346 2223 scripto
365 2181 452 2222 quod
472 2192 524 2211 me
544 2181 676 2211 taciturn
696 2180 780 2210 iuuet
902 2178 921 2211 Q
940 2183 986 2210 set
1107 2179 1126 2211 :3
1147 2179 1271 2209 discedi
1394 2160 1499 2208 audiu¹
1618 2175 1639 2208 4
1667 2175 1854 2206 referentem

226 2240 291 2282 (em
311 2239 346 2272 in
366 2238 455 2281 ras.)
578 2239 596 2271 5
629 2239 732 2280 prelio
760 2239 875 2269 dullius
901 2236 981 2271 cod.
1007 2236 1132 2271 eadem
1151 2235 1361 2281 corruplela
1379 2234 1480 2280 apud
1501 2234 1531 2268 Τ
1528 2244 1582 2269 (ιο.
1602 2234 1637 2268 ἐἴη
1657 2232 1752 2267 Med.
1772 2243 1856 2268 mm.

227 2301 257 2340 2,
286 2301 350 2334 4513
380 2297 428 2342 cf.
457 2296 653 2331 Mommsen
681 2297 788 2331 inser.
816 2295 886 2330 ποῖ.
917 2299 930 2329 1
956 2307 995 2341 p.
1016 2298 1058 2329 39
1180 2297 1199 2329 li
1227 2297 1295 2338 glm
1322 2293 1464 2328 addidit
1487 2304 1530 2330 m,
1551 2295 1569 2326 2
1589 2293 1624 2326 in
1638 2293 1711 2337 fine
1729 2301 1858 2326 uersus

369 2385 389 2409 N
423 2365 539 2422 φιφτηΝ
679 2380 716 2412 'll
757 2380 938 2421 appellatus
1080 2379 1118 2412 12
1155 2379 1241 2420 apud
1268 2378 1303 2421 ((1
1332 2377 1441 2419 corr.)
1586 2376 1624 2408 1-‘3
1662 2387 1698 2406 ex
1725 2377 1857 2416 antiqua

1627 2445 1644 2475 p
1661 2434 1754 2464 tibin]

227 2487 467 2523 consuetudine,
487 2498 569 2527 quae
591 2485 750 2529 Lipsius:
781 2497 840 2527 que
860 2486 1030 2526 exantiqua
1049 2485 1278 2516 consuetudine
1390 2483 1421 2516 14
1445 2487 1645 2514 commeatus
1664 2482 1763 2511 subue
1780 2481 1859 2511 hunt

408 2553 423 2568 11
551 2538 563 2549 Ι
783 2549 928 2568 11063ΠὶοΓ

369 2581 533 2621 εοάἰςτιτίς
561 2581 594 2621 (o
614 2580 646 2612 iu
668 2592 685 2610 a
704 2580 814 2622 corr.)
969 2578 1004 2611 17
1032 2579 1212 2620 appellatus
1333 2577 1430 2617 uulgo
1559 2574 1597 2608 18
1633 2574 1783 2606 messalla
1810 2573 1859 2616 (in

228 2651 340 2685 marg).
368 2650 410 2673 m.
440 2642 456 2671 4
488 2650 515 2672 e.
544 2639 696 2680 messala)
826 2640 862 2671 19
891 2639 935 2671 .l.
965 2638 1045 2679 sylla
1168 2637 1288 2679 alioqui
1316 2636 1435 2667 allieati
1558 2634 1602 2667 :w
1630 2633 1860 2664 iaculatoribus

955 2704 972 2720 ι.
989 2694 1084 2719 XVIII

228 2734 309 2768 olim
338 2744 453 2767 corn:
486 2734 691 2764 iaculatorius
815 2734 858 2765 Ψ.)
886 2734 949 2763 (luo
977 2731 1130 2771 ‹leniginli
1160 2731 1358 2773 (suprascr.
1387 2740 1430 2762 m.
1458 2730 1543 2766 rec.)
1666 2728 1709 2760 233
1745 2727 1858 2768 praelii

598 2804 602 2808 ¹
629 2800 634 2815 1
706 2800 711 2815 1

230 2829 366 2860 innoxiis
395 2827 520 2862 Gertz:
552 2817 729 2869 1›rt}lim›xis
756 2827 804 2871 (ln
831 2837 944 2870 marg).
974 2838 1015 2858 m.
1044 2828 1085 2862 4;
1117 2826 1172 2866 plii
1199 2825 1315 2865 noxiis)

1875 1407 1894 1439 ὃ
