1977 3231
400 75 504 102 DIAL.
527 76 578 103 IX.
618 77 671 102 AD
693 77 879 106 SERENVM
901 79 953 106 DE
971 80 1323 113 TRANQVILLITATE
1341 82 1471 110 ANIMI.
1511 85 1553 110 14.
1699 88 1781 128 2¹5

117 182 136 215 3
164 178 465 225 interpretetur.
527 162 717 214 nuntiato
759 175 974 228 naufragio
1008 177 1152 216 Zenon
1195 184 1359 226 noster,
1403 192 1495 218 cum
1540 180 1680 219 omnia
1711 195 1784 220 sua

163 250 325 289 audiret
366 243 604 292 submersa,
655 245 790 297 iubet,
845 247 993 298 inquit,
1048 261 1124 287 me.
1158 247 1322 288 fortuna
1363 249 1598 301 expeditius
1650 250 1781 303 philo-

161 318 341 371 sophari.
414 314 648 355 minabatur
690 315 921 357 Theodoro
971 317 1224 370 philosopho
1276 325 1475 370 tyrannus
1520 326 1698 360 mortem
1741 328 1783 361 et

161 390 329 442 quidem
382 385 655 438 insepultam:
711 385 863 435 habes,
913 388 1064 439 inquit,
1114 401 1185 427 cur
1235 389 1307 429 tibi
1360 389 1536 441 placeas.
1617 390 1783 431 hemina

160 459 368 511 sanguinis
402 458 440 495 in
472 462 544 496 tua
574 462 787 508 potestate
819 463 908 496 est:
954 471 1051 496 nam
1084 459 1200 510 quod
1231 460 1285 498 ad
1313 459 1568 511 sepulturam
1591 462 1782 514 pertinet,
1820 473 1834 495 ὀ

161 543 186 569 o
236 535 278 568 te
326 528 533 579 ineptum,
582 527 614 565 si
656 532 778 578 putas
822 541 916 566 mea
958 527 1176 577 interesse,
1224 543 1349 581 supra
1390 537 1542 570 terram
1585 545 1637 570 an
1680 532 1782 572 infra

112 604 131 637 -4
158 605 405 652 putrescam.
467 597 614 637 Kanus
652 596 794 645 Iulius,
837 599 896 637 uir
927 598 1110 649 inprimis
1143 612 1335 651 magnus,
1377 602 1489 640 cuius
1521 602 1782 642 admirationi

158 683 211 709 ne
243 669 324 709 hoc
355 669 524 720 quidem
557 667 719 716 obstat,
758 668 873 720 quod
905 674 1049 708 nostro
1081 669 1247 708 saeculo
1280 676 1399 710 natus
1432 677 1515 719 est,
1548 685 1641 711 cum
1674 672 1780 712 Gaio

158 741 226 780 diu
259 739 491 786 altercatus,
522 744 748 790 postquam
781 737 950 778 abeunti
974 738 1154 778 Phalaris
1183 739 1249 779 ille
1272 740 1404 781 dixit:
1441 742 1618 791 nefm'te
1640 743 1780 794 inepta

156 817 229 861 spe
269 809 348 848 tibi
376 808 637 857 blandz'amssv,
682 807 782 847 duci
810 815 848 847 le
878 809 1008 848 iussi:
1043 809 1241 861 gratim,
1286 811 1434 864 inquit,
1478 825 1582 863 age,
1627 814 1780 864 optime

110 886 129 918 ἵ»
147 880 358 931 princeps.
440 872 761 931 quidsenserit
809 879 968 919 dubito.
1052 880 1183 921 multa
1231 881 1339 920 enim
1388 882 1487 921 mihi
1530 891 1774 924 occurrunt:

156 949 481 990 contumeliosus
513 963 603 989 esse
636 949 765 989 uoluit
797 956 837 989 et
870 951 1115 999 ostendere,
1147 957 1303 1004 quanta
1335 952 1554 993 crudelitas
1586 960 1706 1003 esset,
1739 955 1778 994 in

154 1035 236 1073 qua
269 1034 382 1060 mors
415 1019 661 1060 beneficium
694 1023 808 1059 erat?
861 1034 914 1059 an
946 1021 1219 1074 exprobrauit
1247 1021 1299 1061 illi
1329 1023 1582 1072 cotidianam
1606 1024 1774 1064 demen-

154 1092 280 1130 tiam?
333 1091 516 1142 agebant
559 1091 667 1130 enim
709 1091 862 1143 gratias
905 1096 946 1130 et
988 1105 1167 1143 quorum
1210 1091 1327 1132 liberi
1369 1094 1492 1133 occisi
1525 1100 1567 1133 et
1598 1109 1776 1147 quorum

152 1161 266 1201 bona
296 1161 437 1200 ablata
468 1166 595 1200 erant.
653 1175 705 1200 an
733 1167 949 1214 tamquam
972 1161 1208 1202 libertatem
1231 1162 1408 1203 libenter
1430 1164 1615 1217 accepit?
1658 1165 1774 1218 quid-

105 1238 125 1271 6
152 1233 251 1284 quid
283 1237 365 1280 est,
399 1244 555 1283 magno
588 1231 728 1270 animo
762 1232 987 1283 respondit.
1050 1233 1159 1272 dicet
1191 1232 1357 1285 aliquis:
1400 1235 1535 1286 potuit
1567 1241 1664 1287 post
1695 1235 1776 1275 hoc

150 1302 293 1342 iubere
343 1301 455 1341 illum
499 1300 626 1341 Gaius
673 1302 822 1341 uiuere.
890 1316 974 1341 non
1016 1303 1150 1343 timuit
1192 1303 1275 1343 hoc
1315 1303 1472 1344 Kanus.
1545 1311 1645 1345 nota
1688 1312 1775 1345 erat

152 1372 228 1413 Gai
263 1374 302 1412 in
335 1372 485 1412 talibus
517 1372 697 1425 imperiis
728 1372 843 1412 fides.
907 1374 1094 1413 credisne
1126 1373 1238 1414 illum
1271 1375 1418 1414 decern
1451 1376 1613 1415 medios
1645 1390 1775 1429 usque

150 1444 204 1482 ad
236 1443 479 1496 supplicium
513 1442 600 1500 dies
631 1443 718 1482 sine
750 1442 831 1482 ulla
862 1443 1135 1483 sollicitudine
1168 1446 1386 1497 exegisse?
1440 1445 1658 1486 uerisimile
1690 1460 1774 1486 non

151 1520 236 1562 est,
281 1527 388 1566 quae
420 1514 479 1552 uir
510 1512 575 1551 ille
607 1513 781 1561 dixerit,
824 1527 931 1565 quae
963 1513 1125 1562 fecerit,
1164 1528 1290 1567 quam
1323 1515 1362 1554 in
1393 1515 1613 1568 tranquillo
1646 1515 1775 1557 fuerit.

105 1593 124 1626 7
151 1583 324 1624 ludebat
356 1582 604 1631 latrun'culiS,
637 1596 731 1622 cum
765 1584 949 1623 centurio
982 1598 1135 1636 agmen
1167 1585 1444 1637 periturorum
1473 1585 1641 1626 trahens
1663 1586 1774 1626 illum

149 1668 317 1707 quoque
356 1654 529 1694 excitari
570 1653 694 1694 iubet.
758 1659 930 1694 uocatus
972 1656 1205 1694 numerauit
1238 1655 1417 1714 calculos
1449 1662 1491 1696 et
1523 1656 1655 1696 sodali
1686 1671 1775 1706 suo,

151 1724 268 1774 uide,
313 1725 442 1777 inquit
455 1756 463 1772 ,
508 1737 558 1762 ue
589 1730 693 1775 post
731 1730 905 1763 mortem
948 1738 1086 1764 meam
1130 1726 1352 1765 mentiaris
1393 1733 1431 1765 te
1463 1726 1621 1767 uicisse.
1684 1734 1772 1767 tum

149 1794 335 1834 adnuens
366 1794 613 1844 centurioni,
656 1795 790 1844 testis,
826 1796 966 1848 inquit,
998 1796 1084 1834 eris
1115 1810 1195 1835 imo
1228 1810 1292 1836 me
1313 1797 1564 1837 antecedere.
1630 1797 1774 1838 lusisse

102 1874 123 1907 8
149 1871 193 1905 tu
232 1865 402 1905 Kanum
446 1865 512 1905 illa
553 1864 696 1905 tabula
737 1869 886 1919 putas?
939 1866 1084 1906 inlusit.
1148 1868 1285 1907 tristes
1328 1874 1444 1908 erant
1486 1869 1604 1908 amici
1646 1868 1773 1908 talem

149 1936 336 1975 amissuri
368 1937 525 1976 uirum:
572 1936 679 1987 quid
706 1937 879 1986 maesti,
914 1937 1064 1990 inquit,
1096 1938 1196 1976 estis
1208 1938 1228 1977 π’
1280 1951 1354 1977 uos
1386 1938 1592 1990 quaeritat
1622 1953 1678 1978 an
1711 1939 1771 1978 in-

149 2006 349 2045 mortales
391 2006 562 2045 animae
602 2007 710 2046 sint:
752 2021 827 2059 ego
869 2007 957 2046 iam
1000 2008 1145 2047 sciam.
1211 2022 1288 2048 nec
1330 2009 1450 2049 desiit
1482 2009 1701 2050 ueritatem
1734 2011 1773 2049 in

102 2085 122 2119 9
147 2077 239 2129 ipso
272 2076 352 2116 fine
383 2078 555 2116 scrutari
588 2083 630 2117 et
663 2091 717 2117 ex
750 2083 887 2118 morte
908 2092 984 2118 sua
1005 2079 1295 2131 quaestionem
1317 2079 1484 2119 habere.
1545 2094 1771 2133 proseque-

148 2147 272 2186 batur
303 2146 415 2187 illurn
446 2146 719 2200 philosophus
751 2162 848 2187 suus
880 2162 957 2188 nec
988 2149 1069 2188 iam
1101 2148 1247 2201 procul
1280 2155 1368 2189 erat
1400 2149 1594 2198 tumulus,
1627 2151 1666 2189 in
1688 2164 1771 2203 quo

150 2217 315 2257 Caesari
357 2218 439 2257 deo
481 2223 628 2258 nostro
670 2218 799 2258 fiebat
841 2219 1097 2259 cotidianum
1138 2232 1314 2259 sacrum.
1376 2220 1419 2268 is,
1462 2219 1587 2271 quid,
1632 2220 1771 2273 inquit,

148 2286 310 2337 Kane,-
339 2301 447 2327 nunc
478 2287 638 2340 cogitas
650 2289 670 2327 ,ν’
721 2295 799 2328 aut
827 2302 935 2340 quae
966 2289 1045 2328 tibi
1073 2302 1189 2328 mens
1220 2290 1312 2328 est.)
1363 2289 1609 2340 obseruare,
1644 2290 1772 2342 inquit

148 2357 306 2406 Kanus.,
330 2359 539 2409 proposui
566 2358 639 2398 illo
670 2359 928 2398 uelocissimo
960 2366 1164 2398 momento
1196 2373 1252 2398 an
1284 2372 1486 2399 sensurus
1517 2360 1575 2399 sit
1602 2360 1772 2399 animus

147 2556 166 2589 3
185 2557 326 2588 tirannus
431 2556 451 2590 4
471 2558 539 2599 inqt
558 2558 607 2599 (qt
624 2556 659 2591 in
678 2558 765 2600 ras.)
871 2557 890 2589 5
909 2559 1012 2599 ptinet
1025 2569 1045 2588 2<
1072 2559 1083 2597 (
1086 2568 1211 2602 parua
1229 2558 1316 2600 ras.)
1418 2558 1458 2592 lO
1476 2560 1545 2601 inqt
1564 2560 1612 2601 (qt
1629 2559 1663 2592 in
1682 2558 1768 2598 ras.)

267 2615 306 2649 15
333 2616 422 2658 chd
531 2615 570 2648 18
597 2617 663 2658 gaii
678 2614 810 2658 (altera
835 2617 843 2647 i
863 2627 884 2650 a
902 2626 995 2650 corr.
1015 2615 1156 2659 addita)
1269 2617 1312 2650 22
1333 2618 1419 2649 iubet
1437 2615 1619 2651 Muretus:
1649 2618 1770 2649 iuberet

263 2674 306 2707 ‘23
334 2675 402 2716 inqt
428 2676 454 2714 (t
481 2674 590 2717 corr.)
713 2674 755 2708 24
791 2686 932 2706 annuens
1060 2675 1103 2708 Ἤ)
1139 2679 1226 2708 cansl
1347 2676 1443 2707 illusit
1570 2676 1614 2709 26
1648 2677 1716 2718 inqt
1743 2680 1768 2716 (t

146 2732 255 2773 corr.)
399 2732 444 2766 28
475 2734 643 2774 questione
787 2732 831 2767 29
865 2734 1001 2765 tumulus
1027 2732 1153 2778 uulqoz
1183 2734 1308 2776 tumult3
1455 2734 1500 2768 30
1526 2735 1628 2766 cesari

146 2791 188 2823 {il
217 2802 297 2822 cane
432 2792 500 2834 inqt
527 2792 550 2835 (t
577 2802 671 2827 corr.
698 2792 732 2826 in
760 2792 794 2835 d)
933 2793 976 2827 :32
1013 2804 1109 2824 canus·
1245 2804 1390 2826 sensurus
1417 2792 1632 2828 deteriores:
1661 2805 1768 2826 sensus

1803 823 1831 847 10

1800 1175 1829 1198 15

1795 1526 1828 1550 20

1794 1878 1827 1903 25

1792 2230 1825 2255 30
