2008 3221
244 115 326 155 270
438 112 542 139 DIAL.
564 111 616 139 xl.
656 112 710 136 AD
732 110 913 136 HELVIAM
934 110 1108 135 MATREM
1131 109 1183 135 DE
1204 108 1526 137 CONSOLATIONE.
1567 110 1609 136 ¹9.
1629 109 1672 135 20.

244 211 417 249 maritus
449 209 533 248 eius
566 208 755 261 optinuit,
788 198 1017 259 numquam
1049 206 1088 246 in
1116 205 1284 259 publico
1308 211 1534 258 conspecta
1556 211 1629 254 est,
1661 205 1868 245 neminem

242 279 537 333 prouincialem
572 280 747 319 domum
780 292 899 319 suam
933 278 1120 326 admisit,
1164 277 1263 317 nihil
1294 291 1317 316 a
1349 278 1436 316 uiro
1469 277 1610 329 petiit,
1643 276 1740 315 nihil
1773 290 1797 315 a
1828 289 1872 315 se

242 353 325 403 peti
374 364 496 403 passa
547 357 620 389 est.
703 351 842 401 itaque
885 348 1042 401 loquax
1085 354 1126 387 et
1169 349 1208 387 in
1251 347 1523 388 contumelias
1565 347 1870 400 praefectorum

243 423 457 473 ingeniosa
499 421 731 473 prouincia,
785 421 824 459 in
865 433 948 472 qua
990 420 1116 459 etiam
1160 421 1228 471 qui
1272 420 1507 458 uitauerunt
1549 417 1736 470 culpam,
1788 431 1872 456 non

208 507 221 528 Γ»
243 492 476 542 effugerunt
518 491 753 539 infamiam,
797 490 909 530 uelut
949 491 1112 529 unicum
1146 490 1375 529 sanctitatis
1408 488 1651 541 exemplum
1684 489 1874 540 suspexit

193 860 222 884 lt)

194 1568 227 1593 20

199 2280 232 2302 :zu

243 570 306 611 et,
349 563 465 614 quod
509 562 559 601 illi
605 561 889 601 difficillimum
925 567 1008 609 est,
1053 561 1116 600 cui
1149 561 1274 599 etiam
1307 559 1526 612 periculosi
1557 558 1664 599 sales
1696 558 1874 612 placent,

244 646 415 672 omnem
449 633 674 672 uerborum
709 632 914 671 licentiam
949 631 1153 670 continuit
1186 637 1227 670 et
1258 630 1384 670 hodie
1416 629 1593 670 similem
1626 629 1697 677 illi,
1729 643 1874 681 quam-

242 705 302 742 uis
335 717 564 756 numquam
598 710 748 756 speret,
782 716 950 754 semper
983 708 1114 754 optat.
1179 701 1356 741 multum
1391 707 1490 752 erat,
1523 701 1555 740 si
1587 714 1660 753 per
1692 700 1875 739 sedecim

243 789 375 816 annos
416 775 523 814 illam
558 775 770 826 prouincia
803 773 1048 825 probasset:
1098 772 1189 825 plus
1223 779 1306 818 est,
1345 773 1461 824 quod
1493 772 1711 823 ignorauit.
1773 771 1878 811 haec
1907 779 1919 813 Ῑ

243 861 326 886 non
360 846 453 884 ideo
487 844 644 893 referO,
686 851 730 883 ut
762 844 907 883 laudes
941 844 1024 883 eius
1058 857 1262 896 exequar,
1306 856 1409 896 quas
1442 842 1780 882 circumscribere
1812 847 1875 881 est

243 924 329 958 tam
361 930 486 970 parce
507 922 799 963 transcurrere,
832 916 908 954 sed
930 920 975 954 ut
998 914 1215 966 intellegas
1238 915 1379 966 magni
1402 914 1529 953 animi
1552 927 1643 953 esse
1666 913 1875 958 feminam,

243 1002 369 1041 quam
403 1001 485 1026 non
520 987 707 1035 ambitio,
740 1000 824 1025 non
857 986 1037 1033 auaritia,
1072 986 1246 1025 comites
1269 985 1403 1024 omnis
1425 985 1638 1038 potentiae
1661 991 1702 1024 et
1722 989 1876 1037 pestes,

244 1060 450 1106 uicerunt,
494 1072 577 1097 non
611 1063 748 1097 metus
781 1058 928 1096 mortis
959 1057 1041 1096 iam
1075 1063 1293 1096 exarmata
1325 1069 1431 1095 naue
1463 1055 1722 1107 naufragium
1754 1068 1875 1094 suum

244 1136 507 1183 spectantem
530 1129 740 1176 deterruit,
764 1142 847 1181 quo
871 1128 1005 1167 minus
1028 1128 1211 1166 exanimi
1235 1129 1321 1167 uiro
1346 1127 1521 1166 haerens
1545 1140 1627 1166 non
1647 1132 1876 1179 quaereret,

209 1216 223 1238 .-,
244 1201 607 1253 quemadmodum
630 1200 726 1239 inde
749 1200 895 1247 exiret,
918 1201 992 1238 sed
1016 1200 1378 1251 quemadmodum
1403 1198 1577 1237 efferret.
1617 1197 1710 1236 huic
1732 1210 1875 1250 parem

245 1274 442 1311 uirtutem
478 1271 680 1310 exhibeas
713 1276 884 1323 oportet
917 1276 959 1310 et
992 1271 1175 1309 animum
1210 1283 1233 1308 a
1265 1269 1377 1308 luctu
1412 1269 1584 1320 recipias
1617 1274 1658 1308 et
1691 1270 1730 1307 id
1764 1281 1877 1319 agas,

245 1357 296 1382 ne
329 1344 419 1395 quis
452 1349 494 1381 te
526 1348 645 1395 putet
678 1348 821 1394 partus
854 1342 913 1381 tui
946 1342 1167 1393 paenitere.

368 1414 463 1453 XX.
504 1412 700 1453 Ceterum
732 1414 827 1465 quia
850 1425 1020 1451 necesse
1043 1418 1118 1459 est,
1141 1425 1235 1450 cum
1258 1411 1399 1450 omnia
1421 1410 1576 1459 feceris,
1600 1409 1878 1461 cogitationes

247 1492 389 1525 tamen
422 1491 514 1523 tuas
547 1484 723 1523 subinde
754 1485 809 1523 ad
832 1497 899 1522 me
923 1496 1133 1522 recurrere
1156 1495 1232 1521 nec
1254 1495 1510 1534 quemquam
1534 1494 1642 1520 nunc
1665 1494 1719 1519 ex
1742 1480 1880 1519 liberis

248 1557 327 1606 tujs
370 1555 623 1608 frequentius
656 1554 729 1594 tibi
763 1554 996 1602 obuersari,
1039 1567 1121 1593 non
1155 1554 1251 1606 quia
1283 1552 1335 1592 illi
1368 1553 1501 1592 minus
1534 1552 1615 1591 cari
1648 1557 1764 1599 sunt,
1806 1551 1880 1589 sed

247 1628 342 1680 quia
375 1626 560 1666 naturale
584 1632 646 1666 est
669 1639 839 1665 manum
863 1625 1026 1679 saepius
1050 1625 1103 1664 ad
1126 1625 1166 1664 id
1191 1624 1353 1671 referre,
1387 1624 1503 1676 quod
1529 1622 1682 1669 doleat,
1715 1621 1880 1674 qualem

248 1712 315 1737 me
359 1699 519 1749 cogites
553 1698 718 1750 accipe:
767 1697 924 1736 laetum
959 1702 999 1735 et
1032 1696 1211 1735 alacrem
1246 1695 1357 1734 uelut
1390 1694 1558 1746 optimis
1591 1693 1724 1735 rebus.
1787 1698 1882 1731 sunt

249 1771 357 1808 enim
393 1769 589 1820 optimae,
622 1769 820 1820 quoniam
851 1767 1011 1806 animus
1043 1767 1177 1806 omnis
1200 1765 1487 1817 occupationis
1511 1778 1663 1816 expers
1687 1763 1883 1816 operibus

249 1841 330 1878 suis
373 1845 511 1897 uacat·
533 1846 573 1878 et
607 1838 737 1878 modo
770 1852 814 1877 se
847 1837 1070 1877 leuioribus
1103 1837 1248 1876 studiis
1282 1836 1489 1884 oblectat,
1533 1835 1664 1874 modo
1697 1835 1751 1874 ad
1784 1847 1881 1873 con-

198 1923 230 1947 Δ)
250 1911 515 1951 siderandam
549 1924 666 1949 suam
701 1909 964 1961 uniuersique
996 1915 1186 1948 naturam
1221 1908 1305 1946 ueri
1338 1907 1484 1946 auidus
1513 1906 1709 1957 insurgit:
1752 1911 1883 1944 terras

251 1982 430 2034 primum
476 1983 684 2033 situmque
727 1994 867 2020 earum
912 1981 1082 2032 quaerit.
1147 1979 1296 2018 deinde
1330 1978 1617 2017 condicionem
1652 1975 1885 2016 circumfusi

252 2053 376 2092 maris
399 2066 623 2105 cursusque
647 2052 730 2091 eius
757 2052 938 2091 alternos
961 2057 1002 2090 et
1025 2064 1223 2090 recursus.
1256 2056 1355 2089 tunc
1378 2049 1579 2101 quidquid
1600 2049 1706 2087 inter
1725 2045 1884 2086 caelum

252 2131 465 2176 terrasque
487 2124 656 2176 plenum
681 2122 911 2162 formidinis
934 2123 1148 2161 interiacet
1170 2121 1364 2174 perspicit
1389 2126 1430 2159 et
1452 2119 1534 2158 hoc
1556 2118 1788 2166 tonitribus,
1810 2117 1883 2156 ful-

254 2195 675 2243 minibus,uentorum
697 2194 863 2234 flatibus
881 2207 929 2232 ac
947 2193 1186 2232 nimborum
1207 2183 1394 2244 niuisque
1414 2197 1455 2230 et
1471 2190 1681 2242 grandinis
1701 2190 1806 2228 iactu
1822 2195 1884 2228 tu-

256 2265 510 2305 multuosum
535 2267 726 2318 spatium.
760 2272 849 2304 tum
872 2265 1102 2317 peragratis
1125 2263 1411 2302 humilioribus
1434 2262 1487 2300 ad
1511 2274 1676 2300 summa
1694 2272 1884 2312 prorum-

253 2338 311 2389 pit
345 2344 387 2376 ct
420 2337 698 2389 pulcherrimo
722 2336 956 2375 diuinorum
981 2333 1221 2387 spectaculo
1245 2333 1397 2381 fruitur,
1427 2331 1765 2383 aeternitatisque
1788 2342 1887 2370 suae

255 2421 418 2447 memor
451 2409 488 2446 in
522 2422 666 2455 omne,
699 2407 813 2460 quod
847 2406 919 2445 fuit
951 2405 1218 2457 futurumque
1242 2411 1304 2444 est
1327 2404 1521 2444 omnibus
1543 2402 1728 2449 saeculis,
1762 2401 1887 2440 uadit.

257 2517 276 2546 ἲ.)
305 2515 394 2555 petiit
423 2513 526 2546 dett:
558 2515 646 2554 petit.
769 2511 788 2544 3
824 2512 1060 2553 praefectorum
1090 2509 1305 2544 (lelcrioresz
1333 2510 1477 2551 zpfectozl.
1598 2508 1618 2541 6
1651 2507 1822 2549 periculosi
1850 2507 1888 2547 (si

258 2573 291 2605 in
311 2577 398 2613 ras.)
505 2576 526 2599 δ’
546 2572 655 2605 ,ΧΥΙ.
769 2571 806 2604 13
826 2572 890 2601 iam
910 2568 1079 2613 Madm'q:
1107 2580 1178 2600 eam
1298 2568 1338 2601 15»
1357 2570 1417 2609 qu}
1437 2556 1585 2600 admodii
1607 2566 1654 2607 (in
1673 2553 1785 2610 mar-(J.
1805 2576 1848 2597 m.
1870 2566 1887 2597 2

258 2620 334 2662 iude
362 2632 459 2661 exiret
487 2632 540 2661 „wi
568 2631 871 2671 quemadmomim).
917 2626 1022 2669 Quod
1041 2626 1145 2661 Gertz
1175 2626 1358 2661 dcxidarat
1383 2638 1455 2658 eum
1481 2630 1563 2659 (mle
1589 2627 1723 2666 essert-et,
1753 2623 1890 2658 Seneca

258 2683 407 2717 eam-ilia
434 2685 530 2715 exiret
561 2690 592 2717 el
612 2685 731 2715 essm-ei
753 2682 848 2716 nuda
867 2682 972 2715 matta
987 2681 1153 2726 posuisse
1172 2680 1315 2714 uidetur
1412 2679 1454 2713 23
1475 2681 1619 2721 optimae
1641 2676 1886 2723 Boiessa›·si11.c:

259 2739 384 2779 optima
494 2738 537 2770 Qti
566 2748 672 2768 carum
695 2746 725 2776 te
740 2736 813 2780 s'm'l
832 2736 863 2778 c)
979 2736 1022 2768 28
1049 2735 1168 2776 pspicit
1195 2739 1383 2781 et—octrone
1401 2734 1476 2770 tribg
1500 2732 1631 2776 (omnia
1650 2732 1684 2765 in
1703 2732 1790 2773 νας.)
1811 2729 1889 2765 cod.

257 2792 319 2823 lwc
340 2792 510 2835 tonitribus
528 2789 608 2823 olim
630 2800 724 2823 corr.
839 2790 876 2822 531
903 2789 1163 2828 aeternitatisque
1182 2785 1399 2821 Pincianus:
1421 2787 1619 2818 aeternitatis
1732 2786 1775 2818 232
1795 2794 1890 2815 omne

257 2843 474 2877 (lelel‘ioresz
506 2855 612 2874 ‹nucu›
783 2843 934 2874 omnibus
961 2841 1095 2873 sacculis
1122 2841 1209 2872 uadit
1230 2838 1445 2875 Pincianus:
1475 2841 1564 2871 uadit
1584 2839 1735 2870 omuibus
1753 2837 1890 2869 saeculis

828 2896 845 2904 x

1910 1910 1930 1943 10
