1977 3231
53 394 72 426 Ν.

424 144 528 170 DIAL.
553 144 600 171 Vl.
639 144 694 169 An
716 143 902 170 MARCIAM
928 144 978 169 DF.
999 141 1320 170 CONSOLATIONE.
1363 143 1402 170 12.
1642 144 1718 183 133

100 257 167 291 ea,
212 256 266 282 ex
310 242 457 294 quibus
500 241 595 280 nihil
639 242 777 292 gaudii
820 241 1080 293 laetitiaeque
1122 245 1408 293 perceperunt.
1470 240 1502 279 si
1535 238 1724 278 confessa

99 313 220 353 fueris
261 313 496 365 percepisse
539 326 713 363 magnas
754 312 1008 364 uoluptates,
1052 318 1220 364 oportet
1253 318 1294 350 te
1325 324 1406 350 non
1441 312 1494 350 de
1527 323 1578 349 eo
1610 310 1725 362 quod

100 385 333 423 detractum
368 389 429 422 est
461 383 593 434 queri,
627 383 702 421 sed
735 383 787 421 de
820 396 871 421 eo
904 383 1057 434 gratias
1090 395 1214 433 agere
1246 382 1360 434 quod
1393 381 1576 432 contigit.
1630 394 1723 432 pro-

101 461 299 494 uenerunt
332 454 439 493 enim
474 454 572 492 satis
605 453 745 504 magni
778 453 931 492 fructus
964 452 1154 491 laborum
1187 458 1353 491 tuorum
1387 466 1441 490 ex
1464 453 1551 504 ipsa
1574 452 1723 490 educa-

100 525 223 572 tione,
255 525 329 563 nisi
362 523 468 563 forte
500 523 552 571 hi,
586 525 655 576 qui
688 524 846 563 catulos
879 537 1060 575 auesque
1093 530 1133 562 et
1162 523 1306 562 friuola
1329 523 1561 562 animorum
1586 521 1723 560 oblec-

100 601 287 635 tamenta
328 608 491 634 summa
534 594 744 645 diligentia
786 595 988 641 nutriunt,
1032 594 1217 633 fruuntur
1258 594 1391 646 aliqua
1424 593 1639 645 uoluptate
1672 605 1726 630 ex

101 666 188 705 uisu
231 672 427 718 tactuque
467 671 507 704 et
539 665 694 704 blanda
727 665 964 704 adulatione
997 671 1228 713 mutorum,
1272 665 1424 704 liberos
1457 665 1728 704 nutrientibus

101 750 185 775 non
235 735 389 776 fructus
439 737 695 775 educationis
744 736 832 788 ipsa
874 737 1066 775 educatio
1110 742 1183 775 est.
1244 735 1337 775 licet
1380 737 1517 788 itaque
1559 735 1613 774 nil
1655 734 1729 774 tibi

100 807 301 857 industria
333 807 417 846 eius
451 806 680 854 contulerit,
713 805 810 845 nihil
842 805 1053 858 diligentia
1086 807 1347 854 custodierit,
1380 806 1476 846 nihil
1509 806 1729 859 prudentia

54 886 73 919 ,ἐξ
101 879 284 927 suaserit,
319 879 453 930 ipsum
486 878 601 930 quod
633 876 824 924 habuisti,
857 878 973 929 quod
1006 878 1164 925 amasti,
1198 876 1352 917 fructus
1384 884 1458 917 est.
1520 884 1561 917 at
1595 879 1730 930 potuit

101 948 265 1000 longior
307 961 397 987 esse
443 948 616 1000 [maior]
691 946 835 987 melius
877 954 1019 987 tamen
1061 954 1200 987 tecum
1243 955 1379 988 actum
1425 954 1487 988 est
1529 962 1654 1001 quam
1698 949 1729 987 si

101 1019 271 1058 omnino
304 1032 388 1057 non
421 1019 683 1070 contigisset,
716 1019 912 1070 quoniam
946 1019 976 1057 si
1010 1025 1189 1071 ponatur
1221 1019 1390 1067 electio,
1435 1026 1570 1063 utrum
1605 1019 1730 1058 satius

101 1091 152 1129 sit
184 1103 267 1128 non
301 1090 369 1128 diu
403 1089 563 1128 felicem
597 1103 688 1128 esse
720 1103 771 1128 an
804 1103 1046 1141 numquam,
1080 1089 1224 1128 melius
1257 1097 1319 1129 est
1351 1091 1582 1130 discessura
1609 1089 1730 1129 nobis

103 1161 214 1200 bona
246 1173 371 1212 quam
406 1159 514 1199 nulla
547 1160 799 1211 contingere.
861 1167 1054 1199 utrumne
1087 1161 1231 1200 malles
1265 1162 1518 1212 degenerem
1552 1161 1729 1213 aliquem

103 1238 144 1270 et
176 1244 395 1270 numerum
428 1236 590 1270 tantum
625 1245 863 1283 nomenque
896 1231 963 1270 filii
997 1231 1261 1284 expleturum
1295 1232 1489 1271 habuisse
1518 1246 1568 1271 an
1590 1238 1732 1271 tantae
1770 1240 1783 1262 ὃ

103 1302 272 1349 indolis,
315 1308 495 1354 quantae
537 1308 631 1341 tuus
674 1302 773 1341 fuit?
818 1303 973 1341 iuuenis
1007 1304 1089 1342 cito
1122 1304 1326 1355 prudens,
1369 1304 1452 1343 cito
1494 1304 1606 1356 pius,
1649 1303 1731 1342 cito

105 1374 285 1421 maritus,
318 1374 400 1412 cito
433 1379 562 1425 pater,
596 1374 678 1412 cito
714 1374 849 1412 omnis
872 1372 993 1412 officii
1016 1374 1211 1421 curiosus,
1246 1375 1328 1413 cito
1351 1375 1559 1422 sacerdos,
1593 1375 1733 1413 onmia

106 1451 191 1483 tarn
216 1444 481 1495 praestantia
514 1457 639 1496 quam
672 1457 861 1497 propera.
905 1444 1000 1483 nulli
1032 1443 1117 1484 fere
1150 1458 1304 1496 magna
1336 1446 1447 1484 bona
1479 1451 1519 1484 et
1542 1446 1733 1485 diuturna

105 1515 360 1567 contingunt.
422 1527 506 1553 non
548 1514 669 1553 durat
711 1528 787 1554 nec
829 1516 882 1554 ad
926 1515 1117 1554 ultimum
1161 1517 1248 1555 exit
1290 1516 1362 1555 nisi
1395 1516 1505 1555 lenta
1536 1515 1726 1555 felicitas:

105 1585 230 1624 filium
272 1585 347 1624 tibi
390 1586 430 1624 di
473 1585 713 1625 inmortales
755 1599 840 1625 non
883 1587 950 1625 diu
994 1587 1127 1625 daturi
1169 1587 1310 1626 statim
1352 1587 1478 1628 talem
1512 1587 1730 1635 dederunt,

104 1656 233 1709 qualis
277 1656 345 1695 diu
389 1655 492 1695 effici
524 1663 676 1708 potest.
739 1670 790 1696 ne
823 1656 922 1696 illud
955 1658 1124 1708 quidem
1157 1658 1295 1697 dicere
1327 1663 1448 1711 potes
1482 1657 1657 1698 electam
1690 1665 1732 1698 te

104 1741 128 1766 a
161 1728 234 1774 dis,
267 1727 330 1766 cui
361 1726 435 1766 frui
468 1741 553 1766 non
585 1727 724 1767 liceret
757 1727 861 1767 filio:
900 1729 1018 1767 circui
1050 1742 1124 1781 per
1157 1742 1328 1768 omnem
1362 1735 1581 1777 notorum,
1613 1730 1730 1782 igno-

105 1805 243 1838 torum
277 1797 549 1850 frequentiam
584 1798 722 1846 oculis,
757 1805 974 1838 occurrent
1007 1799 1080 1838 tibi
1112 1800 1221 1851 passi
1255 1799 1407 1851 ubique
1429 1801 1597 1840 maiora.
1640 1814 1731 1839 sen-

105 1876 244 1908 serunt
289 1869 365 1908 ista
405 1870 545 1921 magni
588 1870 738 1917 duces,
782 1875 997 1908 senserunt
1042 1871 1258 1922 principes.
1321 1884 1373 1909 ne
1416 1872 1519 1910 deos
1562 1871 1732 1923 quidem

113 2039 120 2072 l
152 2039 252 2070 nichil
389 2045 600 2082 perceperunt
629 2039 789 2084 Lipsius:
820 2046 1030 2082 perceperant
1167 2043 1186 2074 ζ)
1222 2047 1252 2072 te
1278 2040 1325 2085 (ἰη
1353 2041 1442 2083 ras.)
1581 2041 1599 2073 3
1629 2042 1668 2072 de
1694 2053 1732 2072 eo

106 2099 193 2139 quod
219 2099 341 2139 gratias
360 2097 438 2132 cod.
466 2100 553 2140 quod
579 2109 628 2132 eac
654 2099 844 2143 superiore
869 2100 909 2130 de
935 2111 974 2131 eo
1000 2101 1087 2141 quod
1115 2100 1300 2144 repet-ilum
1329 2111 1394 2133 om.
1415 2100 1496 2135 dett.
1596 2101 1733 2141 contigit

109 2156 248 2191 Haase:
279 2158 405 2199 colligit
526 2163 738 2199 prouencrunt
766 2157 983 2192 deteriores:
1014 2166 1223 2200 peruenerunt
1344 2159 1360 2191 >i
1392 2171 1429 2191 ex
1453 2161 1523 2202 ipsa
1542 2161 1733 2191 educatione

107 2239 139 2282 (a
165 2251 182 2271 e
208 2239 241 2272 in
270 2240 358 2282 ras)
482 2241 501 2273 ι’)
528 2242 562 2272 hi
589 2240 638 2283 (in
665 2243 754 2281 ras.)
877 2244 895 2271 {3
922 2253 959 2273 ex
971 2226 1188 2283 nlsu.taetuq;
1211 2244 1264 2283 (,t
1290 2241 1325 2275 in
1352 2243 1438 2284 ras.)
1581 2242 1590 2275 ἶ
1622 2243 1732 2273 adula-

107 2300 193 2330 tione
207 2310 226 2330 εκ»
364 2301 384 2329 8
411 2300 612 2331 educationis
638 2298 823 2333 Muretus:
854 2301 968 2332 educat
1106 2302 1174 2343 ipsa
1202 2302 1352 2332 educatio
1389 2303 1438 2343 (sa
1464 2301 1498 2334 e'n
1526 2311 1598 2334 ras.
1627 2301 1731 2334 trium

103 2356 186 2401 fere
211 2357 426 2398 litterarum)
548 2362 567 2389 ξ)
595 2360 695 2390 nichil
826 2360 867 2391 w
894 2361 1026 2391 suaserit
1053 2358 1219 2393 Fickert:
1249 2371 1304 2391 sua
1435 2360 1469 2393 ll
1502 2362 1607 2391 maior
1634 2360 1733 2393 uncis

107 2416 251 2450 inclusit
270 2416 404 2459 Haase,
432 2422 538 2458 recle,
563 2416 700 2462 siquid
725 2417 839 2458 uideo,
865 2428 941 2452 cum
969 2429 1034 2452 nec
1052 2417 1259 2463 nmqnilndo
1282 2418 1428 2462 fructus
1453 2418 1510 2453 laic
1535 2424 1733 2463 quaeratur

108 2486 172 2509 uec
197 2474 394 2510 conlocatio
415 2474 583 2520 placeam
612 2476 686 2510 alia
713 2477 807 2510 ratio
833 2480 886 2511 est
912 2476 983 2511 loci
1008 2480 1037 2520 3,
1065 2480 1084 2510 4
1198 2478 1234 2511 1⁴2
1262 2479 1396 2509 omnino
1422 2490 1487 2510 non
1514 2478 1729 2512 deteriores:

109 2536 242 2566 omnino
385 2537 483 2567 satius
509 2536 548 2567 sit
584 2535 687 2578 (haec
707 2541 859 2581 praeter
885 2537 929 2567 ati
956 2537 991 2570 in
1017 2537 1104 2579 ras.)
1260 2537 1295 2569 15»
1323 2542 1409 2578 tante
1437 2537 1560 2581 (prior
1587 2542 1596 2568 t
1622 2545 1731 2578 corr.)

231 2594 269 2627 ltj
306 2599 373 2625 tuus
409 2596 453 2635 (tu
481 2595 515 2628 in
543 2596 629 2637 ras.)
753 2597 821 2637 pius
848 2597 871 2637 (i
897 2595 931 2628 ἱη
959 2597 1048 2637 ras.)
1186 2595 1220 2628 17
1247 2598 1410 2628 sacer.do
1531 2597 1642 2627 omnia
1668 2600 1731 2626 tam

110 2654 305 2694 praestantia
340 2664 436 2694 quam
470 2665 611 2695 propera
646 2653 767 2688 Koch:
805 2656 894 2686 offiia
921 2657 1054 2696 talnqua
1088 2665 1228 2696 propera
1264 2662 1347 2696 (nou
1375 2655 1592 2697 praepopera)

863 2737 869 2743 ⁸
1096 2721 1103 2737 1

110 2746 154 2780 20
181 2747 224 2777 dii
253 2747 451 2779 immortales
565 2748 604 2781 21
636 2749 744 2780 dicere
770 2754 876 2796 potest
999 2750 1042 2782 22
1070 2750 1139 2780 adis
1252 2751 1349 2781 circui
1369 2778 1376 2786 .
1397 2777 1404 2784 .
1425 2778 1431 2784 .
1452 2750 1552 2781 oculis
1579 2748 1732 2793 Lipslus,

111 2811 307 2845 circumfer.
329 2839 335 2845 .
357 2839 363 2846 .
384 2813 496 2844 oculos
523 2811 598 2846 E¹:
628 2814 726 2844 circui
747 2841 753 2847 .
775 2841 782 2848 .
803 2841 810 2848 .
830 2814 942 2846 oculos
1075 2814 1117 2847 ¹23
1145 2815 1199 2846 ubi
1226 2825 1287 2855 que
1320 2815 1355 2855 (b
1382 2824 1477 2848 corr.
1505 2824 1554 2848 ecc
1581 2815 1615 2855 ρ)
1672 2815 1677 2821 ”

111 2870 153 2902 24
187 2870 296 2917 dulces
417 2876 578 2903 senserunt
604 2871 732 2916 ‘nulqoz
762 2874 913 2904 senserint

1753 885 1781 909 ¹0

1751 1594 1783 1620 *20
