<?xml version="1.0" encoding="UTF-8"?>
<!DOCTYPE html PUBLIC "-//W3C//DTD XHTML 1.0 Transitional//EN"
    "http://www.w3.org/TR/xhtml1/DTD/xhtml1-transitional.dtd">
<html xmlns="http://www.w3.org/1999/xhtml" xml:lang="en" lang="en">
 <head>
  <title>
</title>
<meta http-equiv="Content-Type" content="text/html;charset=utf-8" />
  <meta name='ocr-system' content='tesseract 3.04.00' />
  <meta name='ocr-capabilities' content='ocr_page ocr_carea ocr_par ocr_line ocrx_word'/>
</head>
<body>
  <div class='ocr_page' id='page_1' title='image "./dialogorumlibrid00seneuoft_0252.png"; bbox 0 0 2008 3221; ppageno 0'>
   <div class='ocr_carea' id='block_1_1' title="bbox 220 81 1701 127">
    <p class='ocr_par' dir='ltr' id='par_1_1' title="bbox 220 81 1701 127">
     <span class='ocr_line' id='line_1_1' title="bbox 220 81 1701 127; baseline 0.001 -18"><span class='ocrx_word' id='word_1_1' title='bbox 220 88 303 127; x_wconf 74' lang='lat'>214</span> <span class='ocrx_word' id='word_1_2' title='bbox 407 83 511 110; x_wconf 87' lang='lat' dir='ltr'>DIAL.</span> <span class='ocrx_word' id='word_1_3' title='bbox 535 83 586 109; x_wconf 86' lang='lat' dir='ltr'>IX.</span> <span class='ocrx_word' id='word_1_4' title='bbox 627 83 679 107; x_wconf 78' lang='lat' dir='ltr'>AD</span> <span class='ocrx_word' id='word_1_5' title='bbox 702 82 889 107; x_wconf 84' lang='lat' dir='ltr'>SERENVM</span> <span class='ocrx_word' id='word_1_6' title='bbox 912 82 964 107; x_wconf 89' lang='lat' dir='ltr'>DE</span> <span class='ocrx_word' id='word_1_7' title='bbox 984 81 1338 114; x_wconf 84' lang='lat' dir='ltr'><strong>TRANQVILLITATE</strong></span> <span class='ocrx_word' id='word_1_8' title='bbox 1359 82 1488 109; x_wconf 86' lang='lat' dir='ltr'>ANIMI.</span> <span class='ocrx_word' id='word_1_9' title='bbox 1531 84 1571 110; x_wconf 82' lang='lat'>12.</span> <span class='ocrx_word' id='word_1_10' title='bbox 1593 84 1636 110; x_wconf 87' lang='grc'>13.</span> <span class='ocrx_word' id='word_1_11' title='bbox 1662 84 1701 109; x_wconf 85' lang='grc'>14.</span> 
     </span>
    </p>
   </div>
   <div class='ocr_carea' id='block_1_2' title="bbox 165 177 1846 585">
    <p class='ocr_par' dir='ltr' id='par_1_2' title="bbox 165 177 1846 585">
     <span class='ocr_line' id='line_1_2' title="bbox 219 177 1845 232; baseline 0 -13"><span class='ocrx_word' id='word_1_12' title='bbox 219 182 358 220; x_wconf 87' lang='lat' dir='ltr'>inanes</span> <span class='ocrx_word' id='word_1_13' title='bbox 391 186 431 219; x_wconf 90' lang='lat' dir='ltr'>et</span> <span class='ocrx_word' id='word_1_14' title='bbox 463 179 576 219; x_wconf 90' lang='lat' dir='ltr'>leues</span> <span class='ocrx_word' id='word_1_15' title='bbox 608 191 757 218; x_wconf 87' lang='lat' dir='ltr'>causae</span> <span class='ocrx_word' id='word_1_16' title='bbox 789 192 863 230; x_wconf 90' lang='lat' dir='ltr'>per</span> <span class='ocrx_word' id='word_1_17' title='bbox 895 177 1041 218; x_wconf 89' lang='lat' dir='ltr'>urbem</span> <span class='ocrx_word' id='word_1_18' title='bbox 1066 179 1380 218; x_wconf 84' lang='lat' dir='ltr'>circumducunt</span> <span class='ocrx_word' id='word_1_19' title='bbox 1401 178 1582 232; x_wconf 83' lang='lat' dir='ltr'>nihilque</span> <span class='ocrx_word' id='word_1_20' title='bbox 1603 178 1845 227; x_wconf 83' lang='lat' dir='ltr'>habentem,</span> 
     </span>
     <span class='ocr_line' id='line_1_3' title="bbox 219 248 1844 303; baseline 0 -13"><span class='ocrx_word' id='word_1_21' title='bbox 219 253 257 290; x_wconf 93' lang='lat' dir='ltr'>in</span> <span class='ocrx_word' id='word_1_22' title='bbox 290 252 404 303; x_wconf 92' lang='lat' dir='ltr'>quod</span> <span class='ocrx_word' id='word_1_23' title='bbox 437 250 610 297; x_wconf 85' lang='lat' dir='ltr'>laboret,</span> <span class='ocrx_word' id='word_1_24' title='bbox 644 249 715 288; x_wconf 81' lang='lat' dir='ltr'>lux</span> <span class='ocrx_word' id='word_1_25' title='bbox 748 255 843 288; x_wconf 89' lang='lat' dir='ltr'>orta</span> <span class='ocrx_word' id='word_1_26' title='bbox 874 248 1059 301; x_wconf 76' lang='lat' dir='ltr'>expellit,</span> <span class='ocrx_word' id='word_1_27' title='bbox 1093 255 1253 289; x_wconf 90' lang='lat' dir='ltr'>etcum</span> <span class='ocrx_word' id='word_1_28' title='bbox 1277 248 1504 289; x_wconf 91' lang='lat' dir='ltr'>multorum</span> <span class='ocrx_word' id='word_1_29' title='bbox 1528 249 1678 290; x_wconf 88' lang='lat' dir='ltr'>frustra</span> <span class='ocrx_word' id='word_1_30' title='bbox 1699 250 1844 290; x_wconf 89' lang='lat' dir='ltr'>limini-</span> 
     </span>
     <span class='ocr_line' id='line_1_4' title="bbox 218 319 1845 371; baseline 0.001 -11"><span class='ocrx_word' id='word_1_31' title='bbox 218 322 296 361; x_wconf 91' lang='lat' dir='ltr'>bus</span> <span class='ocrx_word' id='word_1_32' title='bbox 328 321 466 360; x_wconf 89' lang='lat' dir='ltr'>inlisus</span> <span class='ocrx_word' id='word_1_33' title='bbox 499 319 864 359; x_wconf 88' lang='lat' dir='ltr'>nomenculatores</span> <span class='ocrx_word' id='word_1_34' title='bbox 896 319 1178 371; x_wconf 89' lang='lat' dir='ltr'>persalutauit,</span> <span class='ocrx_word' id='word_1_35' title='bbox 1210 333 1234 359; x_wconf 88' lang='lat' dir='ltr'>a</span> <span class='ocrx_word' id='word_1_36' title='bbox 1257 319 1396 360; x_wconf 89' lang='lat' dir='ltr'>multis</span> <span class='ocrx_word' id='word_1_37' title='bbox 1419 320 1613 360; x_wconf 83' lang='lat' dir='ltr'>exclusus</span> <span class='ocrx_word' id='word_1_38' title='bbox 1636 322 1845 361; x_wconf 89' lang='lat' dir='ltr'>neminem</span> 
     </span>
     <span class='ocr_line' id='line_1_5' title="bbox 219 389 1846 443; baseline 0.001 -12"><span class='ocrx_word' id='word_1_39' title='bbox 219 406 273 431; x_wconf 72' lang='lat' dir='ltr'>ex</span> <span class='ocrx_word' id='word_1_40' title='bbox 322 391 516 430; x_wconf 90' lang='lat' dir='ltr'>omnibus</span> <span class='ocrx_word' id='word_1_41' title='bbox 568 389 770 429; x_wconf 84' lang='lat' dir='ltr'>difficilius</span> <span class='ocrx_word' id='word_1_42' title='bbox 821 391 936 430; x_wconf 92' lang='lat' dir='ltr'>domi</span> <span class='ocrx_word' id='word_1_43' title='bbox 979 404 1105 443; x_wconf 91' lang='lat' dir='ltr'>quam</span> <span class='ocrx_word' id='word_1_44' title='bbox 1147 404 1191 430; x_wconf 90' lang='lat' dir='ltr'>se</span> <span class='ocrx_word' id='word_1_45' title='bbox 1235 391 1440 430; x_wconf 90' lang='lat' dir='ltr'>conuenit.</span> <span class='ocrx_word' id='word_1_46' title='bbox 1514 405 1568 430; x_wconf 83' lang='lat' dir='ltr'>ex</span> <span class='ocrx_word' id='word_1_47' title='bbox 1610 390 1692 431; x_wconf 90' lang='lat' dir='ltr'>hoc</span> <span class='ocrx_word' id='word_1_48' title='bbox 1734 391 1846 432; x_wconf 87' lang='lat' dir='ltr'>malo</span> 
     </span>
     <span class='ocr_line' id='line_1_6' title="bbox 165 460 1844 514; baseline 0.001 -13"><span class='ocrx_word' id='word_1_49' title='bbox 165 474 179 495; x_wconf 69' lang='lat'>5</span> <span class='ocrx_word' id='word_1_50' title='bbox 219 462 431 514; x_wconf 77' lang='lat' dir='ltr'><strong>dependet</strong></span> <span class='ocrx_word' id='word_1_51' title='bbox 469 460 566 500; x_wconf 90' lang='lat' dir='ltr'>illud</span> <span class='ocrx_word' id='word_1_52' title='bbox 606 462 889 504; x_wconf 86' lang='lat' dir='ltr'>taeterrimum</span> <span class='ocrx_word' id='word_1_53' title='bbox 923 462 1089 509; x_wconf 89' lang='lat' dir='ltr'>uitium,</span> <span class='ocrx_word' id='word_1_54' title='bbox 1132 460 1379 501; x_wconf 79' lang='lat' dir='ltr'>auscultatio</span> <span class='ocrx_word' id='word_1_55' title='bbox 1413 466 1454 500; x_wconf 92' lang='lat' dir='ltr'>et</span> <span class='ocrx_word' id='word_1_56' title='bbox 1485 460 1749 513; x_wconf 89' lang='lat' dir='ltr'>publicorum</span> <span class='ocrx_word' id='word_1_57' title='bbox 1782 476 1844 502; x_wconf 90' lang='lat' dir='ltr'>se-</span> 
     </span>
     <span class='ocr_line' id='line_1_7' title="bbox 218 531 1846 585; baseline 0.001 -13"><span class='ocrx_word' id='word_1_58' title='bbox 218 539 513 584; x_wconf 87' lang='lat' dir='ltr'>cretorumque</span> <span class='ocrx_word' id='word_1_59' title='bbox 545 532 753 584; x_wconf 81' lang='lat' dir='ltr'>inquisitio</span> <span class='ocrx_word' id='word_1_60' title='bbox 787 538 829 571; x_wconf 88' lang='lat' dir='ltr'>et</span> <span class='ocrx_word' id='word_1_61' title='bbox 862 531 1087 571; x_wconf 88' lang='lat' dir='ltr'>multarum</span> <span class='ocrx_word' id='word_1_62' title='bbox 1121 544 1260 570; x_wconf 90' lang='lat' dir='ltr'>rerum</span> <span class='ocrx_word' id='word_1_63' title='bbox 1293 531 1475 580; x_wconf 89' lang='lat' dir='ltr'>scientia,</span> <span class='ocrx_word' id='word_1_64' title='bbox 1506 545 1615 585; x_wconf 90' lang='lat' dir='ltr'>quae</span> <span class='ocrx_word' id='word_1_65' title='bbox 1646 546 1723 572; x_wconf 92' lang='lat' dir='ltr'>nec</span> <span class='ocrx_word' id='word_1_66' title='bbox 1754 538 1846 574; x_wconf 90' lang='lat' dir='ltr'>tuto</span> 
     </span>
    </p>
   </div>
   <div class='ocr_carea' id='block_1_3' title="bbox 1874 401 1893 434">
    <p class='ocr_par' dir='ltr' id='par_1_3' title="bbox 1874 401 1893 434">
     <span class='ocr_line' id='line_1_8' title="bbox 1874 401 1893 434; textangle 90"><span class='ocrx_word' id='word_1_67' title='bbox 1874 401 1893 434; x_wconf 45' lang='grc' dir='ltr'>«Ι</span> 
     </span>
    </p>
   </div>
   <div class='ocr_carea' id='block_1_4' title="bbox 161 603 1894 2430">
    <p class='ocr_par' dir='ltr' id='par_1_4' title="bbox 161 603 1894 2430">
     <span class='ocr_line' id='line_1_9' title="bbox 217 603 930 646; baseline -0.001 -3"><span class='ocrx_word' id='word_1_68' title='bbox 217 609 433 643; x_wconf 88' lang='lat' dir='ltr'>narrantur</span> <span class='ocrx_word' id='word_1_69' title='bbox 464 616 542 642; x_wconf 93' lang='lat' dir='ltr'>nec</span> <span class='ocrx_word' id='word_1_70' title='bbox 573 609 666 646; x_wconf 89' lang='lat' dir='ltr'>tuto</span> <span class='ocrx_word' id='word_1_71' title='bbox 699 603 930 643; x_wconf 90' lang='lat' dir='ltr'>audiuntur.</span> 
     </span>
     <span class='ocr_line' id='line_1_10' title="bbox 335 673 1890 727; baseline 0.002 -14"><span class='ocrx_word' id='word_1_72' title='bbox 335 674 446 713; x_wconf 86' lang='lat' dir='ltr'><strong>XIII.</strong></span> <span class='ocrx_word' id='word_1_73' title='bbox 498 674 594 713; x_wconf 92' lang='lat' dir='ltr'>Hoc</span> <span class='ocrx_word' id='word_1_74' title='bbox 635 679 823 714; x_wconf 92' lang='lat' dir='ltr'>secutum</span> <span class='ocrx_word' id='word_1_75' title='bbox 866 680 970 727; x_wconf 90' lang='lat' dir='ltr'>puto</span> <span class='ocrx_word' id='word_1_76' title='bbox 1010 673 1304 713; x_wconf 88' lang='lat' dir='ltr'>Democritum</span> <span class='ocrx_word' id='word_1_77' title='bbox 1347 673 1404 712; x_wconf 87' lang='lat' dir='ltr'>ita</span> <span class='ocrx_word' id='word_1_78' title='bbox 1445 673 1732 726; x_wconf 83' lang='lat' dir='ltr'>praecepisse:</span> <span class='ocrx_word' id='word_1_79' title='bbox 1779 674 1890 726; x_wconf 80' lang='lat' dir='ltr'>quil</span> 
     </span>
     <span class='ocr_line' id='line_1_11' title="bbox 217 743 1848 796; baseline 0.001 -13"><span class='ocrx_word' id='word_1_80' title='bbox 217 745 445 796; x_wconf 64' lang='lat' dir='ltr'>[1²‹mqlt2&#39;lle</span> <span class='ocrx_word' id='word_1_81' title='bbox 477 744 588 784; x_wconf 74' lang='lat' dir='ltr'>nolet</span> <span class='ocrx_word' id='word_1_82' title='bbox 616 744 780 794; x_wconf 74' lang='lat' dir='ltr'>uiuere,</span> <span class='ocrx_word' id='word_1_83' title='bbox 825 758 897 783; x_wconf 80' lang='lat' dir='ltr'>nec</span> <span class='ocrx_word' id='word_1_84' title='bbox 919 743 1134 796; x_wconf 70' lang='lat' dir='ltr'>priuatim</span> <span class='ocrx_word' id='word_1_85' title='bbox 1167 749 1277 795; x_wconf 73' lang='lat' dir='ltr'>agat</span> <span class='ocrx_word' id='word_1_86' title='bbox 1304 743 1442 783; x_wconf 78' lang='lat' dir='ltr'>mulla</span> <span class='ocrx_word' id='word_1_87' title='bbox 1475 757 1547 783; x_wconf 80' lang='lat' dir='ltr'>nec</span> <span class='ocrx_word' id='word_1_88' title='bbox 1569 743 1760 795; x_wconf 76' lang='lat' dir='ltr'>publice,</span> <span class='ocrx_word' id='word_1_89' title='bbox 1795 745 1848 785; x_wconf 91' lang='lat' dir='ltr'>ad</span> 
     </span>
     <span class='ocr_line' id='line_1_12' title="bbox 168 814 1847 868; baseline 0.001 -13"><span class='ocrx_word' id='word_1_90' title='bbox 168 828 196 850; x_wconf 83' lang='lat'>¹0</span> <span class='ocrx_word' id='word_1_91' title='bbox 215 829 472 868; x_wconf 84' lang='lat' dir='ltr'>superuacua</span> <span class='ocrx_word' id='word_1_92' title='bbox 503 815 657 856; x_wconf 87' lang='lat' dir='ltr'>scilicet</span> <span class='ocrx_word' id='word_1_93' title='bbox 689 814 949 855; x_wconf 88' lang='lat' dir='ltr'>referentem.</span> <span class='ocrx_word' id='word_1_94' title='bbox 1012 829 1109 855; x_wconf 91' lang='lat' dir='ltr'>nam</span> <span class='ocrx_word' id='word_1_95' title='bbox 1141 815 1174 854; x_wconf 91' lang='lat' dir='ltr'>si</span> <span class='ocrx_word' id='word_1_96' title='bbox 1196 816 1429 854; x_wconf 89' lang='lat' dir='ltr'>necessaria</span> <span class='ocrx_word' id='word_1_97' title='bbox 1450 821 1556 864; x_wconf 90' lang='lat' dir='ltr'>sunt,</span> <span class='ocrx_word' id='word_1_98' title='bbox 1590 821 1631 855; x_wconf 93' lang='lat' dir='ltr'>et</span> <span class='ocrx_word' id='word_1_99' title='bbox 1651 817 1847 868; x_wconf 92' lang='lat' dir='ltr'>priuatim</span> 
     </span>
     <span class='ocr_line' id='line_1_13' title="bbox 217 885 1848 940; baseline -0.001 -12"><span class='ocrx_word' id='word_1_100' title='bbox 217 893 258 928; x_wconf 91' lang='lat' dir='ltr'>et</span> <span class='ocrx_word' id='word_1_101' title='bbox 289 886 454 940; x_wconf 89' lang='lat' dir='ltr'>publice</span> <span class='ocrx_word' id='word_1_102' title='bbox 486 901 571 926; x_wconf 90' lang='lat' dir='ltr'>non</span> <span class='ocrx_word' id='word_1_103' title='bbox 604 893 768 927; x_wconf 86' lang='lat' dir='ltr'>tantum</span> <span class='ocrx_word' id='word_1_104' title='bbox 803 886 944 934; x_wconf 90' lang='lat' dir='ltr'>multa,</span> <span class='ocrx_word' id='word_1_105' title='bbox 977 887 1052 926; x_wconf 89' lang='lat' dir='ltr'>sed</span> <span class='ocrx_word' id='word_1_106' title='bbox 1086 885 1399 926; x_wconf 77' lang='lat' dir='ltr'>innumerabilia</span> <span class='ocrx_word' id='word_1_107' title='bbox 1430 887 1596 939; x_wconf 88' lang='lat' dir='ltr'>agenda</span> <span class='ocrx_word' id='word_1_108' title='bbox 1622 892 1742 927; x_wconf 90' lang='lat' dir='ltr'>sunt:</span> <span class='ocrx_word' id='word_1_109' title='bbox 1779 886 1848 927; x_wconf 93' lang='lat' dir='ltr'>ubi</span> 
     </span>
     <span class='ocr_line' id='line_1_14' title="bbox 216 956 1894 1006; baseline 0.001 -8"><span class='ocrx_word' id='word_1_110' title='bbox 216 972 316 998; x_wconf 88' lang='lat' dir='ltr'>uero</span> <span class='ocrx_word' id='word_1_111' title='bbox 350 957 506 997; x_wconf 90' lang='lat' dir='ltr'>nullum</span> <span class='ocrx_word' id='word_1_112' title='bbox 540 957 721 997; x_wconf 84' lang='lat' dir='ltr'>officium</span> <span class='ocrx_word' id='word_1_113' title='bbox 755 957 959 997; x_wconf 91' lang='lat' dir='ltr'>sollemne</span> <span class='ocrx_word' id='word_1_114' title='bbox 991 971 1068 997; x_wconf 92' lang='lat' dir='ltr'>nos</span> <span class='ocrx_word' id='word_1_115' title='bbox 1092 957 1203 1006; x_wconf 87' lang='lat' dir='ltr'>citat,</span> <span class='ocrx_word' id='word_1_116' title='bbox 1235 956 1486 997; x_wconf 79' lang='lat' dir='ltr'>inhibendae</span> <span class='ocrx_word' id='word_1_117' title='bbox 1509 958 1705 998; x_wconf 84' lang='lat' dir='ltr'>actiones.</span> <span class='ocrx_word' id='word_1_118' title='bbox 1750 972 1848 997; x_wconf 90' lang='lat' dir='ltr'>nam</span> <span class='ocrx_word' id='word_1_119' title='bbox 1875 968 1894 1000; x_wconf 69' lang='grc'>2</span> 
     </span>
     <span class='ocr_line' id='line_1_15' title="bbox 215 1027 1846 1086; baseline -0.001 -17"><span class='ocrx_word' id='word_1_120' title='bbox 215 1031 284 1082; x_wconf 86' lang='lat' dir='ltr'>qui</span> <span class='ocrx_word' id='word_1_121' title='bbox 327 1029 471 1086; x_wconf 78' lang='lat' dir='ltr'>multa</span> <span class='ocrx_word' id='word_1_122' title='bbox 498 1030 605 1081; x_wconf 85' lang='lat' dir='ltr'>agit,</span> <span class='ocrx_word' id='word_1_123' title='bbox 647 1042 773 1081; x_wconf 87' lang='lat' dir='ltr'>saepe</span> <span class='ocrx_word' id='word_1_124' title='bbox 806 1028 996 1068; x_wconf 80' lang='lat' dir='ltr'>fortunae</span> <span class='ocrx_word' id='word_1_125' title='bbox 1028 1033 1286 1081; x_wconf 88' lang='lat' dir='ltr'>potestatem</span> <span class='ocrx_word' id='word_1_126' title='bbox 1318 1027 1379 1067; x_wconf 93' lang='lat' dir='ltr'>sui</span> <span class='ocrx_word' id='word_1_127' title='bbox 1411 1027 1529 1077; x_wconf 87' lang='lat' dir='ltr'>facit,</span> <span class='ocrx_word' id='word_1_128' title='bbox 1571 1042 1698 1080; x_wconf 90' lang='lat' dir='ltr'>quam</span> <span class='ocrx_word' id='word_1_129' title='bbox 1730 1029 1846 1068; x_wconf 90' lang='lat' dir='ltr'>tutis-</span> 
     </span>
     <span class='ocr_line' id='line_1_16' title="bbox 215 1097 1848 1152; baseline -0.001 -12"><span class='ocrx_word' id='word_1_130' title='bbox 215 1101 366 1140; x_wconf 89' lang='lat' dir='ltr'>simum</span> <span class='ocrx_word' id='word_1_131' title='bbox 410 1106 473 1140; x_wconf 91' lang='lat' dir='ltr'>est</span> <span class='ocrx_word' id='word_1_132' title='bbox 506 1113 599 1139; x_wconf 87' lang='lat' dir='ltr'>raro</span> <span class='ocrx_word' id='word_1_133' title='bbox 633 1099 822 1152; x_wconf 82' lang='lat' dir='ltr'>experiri,</span> <span class='ocrx_word' id='word_1_134' title='bbox 856 1105 1040 1139; x_wconf 91' lang='lat' dir='ltr'>ceterum</span> <span class='ocrx_word' id='word_1_135' title='bbox 1074 1112 1243 1151; x_wconf 89' lang='lat' dir='ltr'>semper</span> <span class='ocrx_word' id='word_1_136' title='bbox 1275 1099 1328 1138; x_wconf 94' lang='lat' dir='ltr'>de</span> <span class='ocrx_word' id='word_1_137' title='bbox 1359 1097 1426 1138; x_wconf 92' lang='lat' dir='ltr'>illa</span> <span class='ocrx_word' id='word_1_138' title='bbox 1457 1099 1645 1152; x_wconf 85' lang='lat' dir='ltr'>cogitare</span> <span class='ocrx_word' id='word_1_139' title='bbox 1677 1106 1720 1140; x_wconf 93' lang='lat' dir='ltr'>et</span> <span class='ocrx_word' id='word_1_140' title='bbox 1752 1099 1848 1139; x_wconf 92' lang='lat' dir='ltr'>nihil</span> 
     </span>
     <span class='ocr_line' id='line_1_17' title="bbox 166 1169 1847 1223; baseline -0.001 -12"><span class='ocrx_word' id='word_1_141' title='bbox 166 1183 194 1206; x_wconf 74' lang='lat'>15</span> <span class='ocrx_word' id='word_1_142' title='bbox 215 1172 291 1211; x_wconf 90' lang='lat' dir='ltr'>sibi</span> <span class='ocrx_word' id='word_1_143' title='bbox 334 1172 387 1211; x_wconf 92' lang='lat' dir='ltr'>de</span> <span class='ocrx_word' id='word_1_144' title='bbox 429 1171 513 1210; x_wconf 88' lang='lat' dir='ltr'>fide</span> <span class='ocrx_word' id='word_1_145' title='bbox 556 1172 642 1210; x_wconf 93' lang='lat' dir='ltr'>eius</span> <span class='ocrx_word' id='word_1_146' title='bbox 694 1170 953 1223; x_wconf 86' lang='lat' dir='ltr'>promittere.</span> <span class='ocrx_word' id='word_1_147' title='bbox 1022 1169 1256 1222; x_wconf 82' lang='lat' dir='ltr'>navigabo,</span> <span class='ocrx_word' id='word_1_148' title='bbox 1308 1169 1383 1209; x_wconf 91' lang='lat' dir='ltr'>nisi</span> <span class='ocrx_word' id='word_1_149' title='bbox 1421 1170 1453 1209; x_wconf 93' lang='lat' dir='ltr'>si</span> <span class='ocrx_word' id='word_1_150' title='bbox 1507 1170 1607 1223; x_wconf 89' lang='lat' dir='ltr'>quid</span> <span class='ocrx_word' id='word_1_151' title='bbox 1649 1171 1847 1211; x_wconf 91' lang='lat' dir='ltr'>inciderit.</span> 
     </span>
     <span class='ocr_line' id='line_1_18' title="bbox 216 1240 1848 1295; baseline -0.001 -13"><span class='ocrx_word' id='word_1_152' title='bbox 216 1249 278 1291; x_wconf 92' lang='lat' dir='ltr'>et,</span> <span class='ocrx_word' id='word_1_153' title='bbox 325 1248 495 1295; x_wconf 89' lang='lat' dir='ltr'>praetor</span> <span class='ocrx_word' id='word_1_154' title='bbox 543 1240 663 1290; x_wconf 85' lang='lat' dir='ltr'>fiam,</span> <span class='ocrx_word' id='word_1_155' title='bbox 712 1241 785 1281; x_wconf 91' lang='lat' dir='ltr'>nisi</span> <span class='ocrx_word' id='word_1_156' title='bbox 833 1241 865 1280; x_wconf 92' lang='lat' dir='ltr'>si</span> <span class='ocrx_word' id='word_1_157' title='bbox 917 1240 1017 1293; x_wconf 91' lang='lat' dir='ltr'>quid</span> <span class='ocrx_word' id='word_1_158' title='bbox 1069 1240 1287 1280; x_wconf 88' lang='lat' dir='ltr'>obstiterit.</span> <span class='ocrx_word' id='word_1_159' title='bbox 1371 1247 1433 1289; x_wconf 91' lang='lat' dir='ltr'>et,</span> <span class='ocrx_word' id='word_1_160' title='bbox 1476 1241 1705 1293; x_wconf 85' lang='lat' dir='ltr'>negotiatio</span> <span class='ocrx_word' id='word_1_161' title='bbox 1748 1240 1848 1281; x_wconf 88' lang='lat' dir='ltr'>mihi</span> 
     </span>
     <span class='ocr_line' id='line_1_19' title="bbox 215 1311 1893 1366; baseline -0.001 -13"><span class='ocrx_word' id='word_1_162' title='bbox 215 1313 498 1366; x_wconf 87' lang='lat' dir='ltr'>respondebit,</span> <span class='ocrx_word' id='word_1_163' title='bbox 532 1312 606 1352; x_wconf 92' lang='lat' dir='ltr'>nisi</span> <span class='ocrx_word' id='word_1_164' title='bbox 638 1312 670 1352; x_wconf 92' lang='lat' dir='ltr'>si</span> <span class='ocrx_word' id='word_1_165' title='bbox 702 1313 802 1364; x_wconf 89' lang='lat' dir='ltr'>quid</span> <span class='ocrx_word' id='word_1_166' title='bbox 834 1313 1111 1352; x_wconf 88' lang='lat' dir='ltr'>interuenerit.</span> <span class='ocrx_word' id='word_1_167' title='bbox 1173 1311 1256 1351; x_wconf 91' lang='lat' dir='ltr'>hoc</span> <span class='ocrx_word' id='word_1_168' title='bbox 1285 1317 1350 1351; x_wconf 91' lang='lat' dir='ltr'>est</span> <span class='ocrx_word' id='word_1_169' title='bbox 1381 1325 1509 1364; x_wconf 89' lang='lat' dir='ltr'>quare</span> <span class='ocrx_word' id='word_1_170' title='bbox 1540 1313 1717 1364; x_wconf 82' lang='lat' dir='ltr'>sapienti</span> <span class='ocrx_word' id='word_1_171' title='bbox 1749 1311 1847 1352; x_wconf 89' lang='lat' dir='ltr'>nihil</span> <span class='ocrx_word' id='word_1_172' title='bbox 1873 1321 1893 1353; x_wconf 77' lang='grc'>3</span> 
     </span>
     <span class='ocr_line' id='line_1_20' title="bbox 215 1381 1846 1436; baseline -0.001 -12"><span class='ocrx_word' id='word_1_173' title='bbox 215 1390 362 1424; x_wconf 87' lang='lat' dir='ltr'>contra</span> <span class='ocrx_word' id='word_1_174' title='bbox 404 1384 645 1436; x_wconf 92' lang='lat' dir='ltr'>opinionem</span> <span class='ocrx_word' id='word_1_175' title='bbox 689 1383 876 1422; x_wconf 87' lang='lat' dir='ltr'>dicamus</span> <span class='ocrx_word' id='word_1_176' title='bbox 908 1382 1108 1422; x_wconf 89' lang='lat' dir='ltr'>accidere.</span> <span class='ocrx_word' id='word_1_177' title='bbox 1169 1395 1254 1421; x_wconf 91' lang='lat' dir='ltr'>non</span> <span class='ocrx_word' id='word_1_178' title='bbox 1286 1381 1399 1421; x_wconf 91' lang='lat' dir='ltr'>illum</span> <span class='ocrx_word' id='word_1_179' title='bbox 1433 1381 1596 1422; x_wconf 89' lang='lat' dir='ltr'>casibus</span> <span class='ocrx_word' id='word_1_180' title='bbox 1627 1381 1846 1422; x_wconf 92' lang='lat' dir='ltr'>hominum</span> 
     </span>
     <span class='ocr_line' id='line_1_21' title="bbox 215 1452 1847 1507; baseline 0 -13"><span class='ocrx_word' id='word_1_181' title='bbox 215 1455 495 1507; x_wconf 82' lang='lat' dir='ltr'>excerpimus,</span> <span class='ocrx_word' id='word_1_182' title='bbox 529 1455 604 1493; x_wconf 89' lang='lat' dir='ltr'>sed</span> <span class='ocrx_word' id='word_1_183' title='bbox 637 1453 856 1502; x_wconf 87' lang='lat' dir='ltr'>erroribus,</span> <span class='ocrx_word' id='word_1_184' title='bbox 889 1466 966 1492; x_wconf 91' lang='lat' dir='ltr'>nec</span> <span class='ocrx_word' id='word_1_185' title='bbox 998 1452 1051 1492; x_wconf 90' lang='lat' dir='ltr'>illi</span> <span class='ocrx_word' id='word_1_186' title='bbox 1084 1452 1225 1492; x_wconf 90' lang='lat' dir='ltr'>omnia</span> <span class='ocrx_word' id='word_1_187' title='bbox 1256 1459 1301 1492; x_wconf 92' lang='lat' dir='ltr'>ut</span> <span class='ocrx_word' id='word_1_188' title='bbox 1334 1452 1464 1492; x_wconf 88' lang='lat' dir='ltr'>uoluit</span> <span class='ocrx_word' id='word_1_189' title='bbox 1496 1453 1662 1502; x_wconf 87' lang='lat' dir='ltr'>cedunt,</span> <span class='ocrx_word' id='word_1_190' title='bbox 1694 1454 1770 1493; x_wconf 91' lang='lat' dir='ltr'>sed</span> <span class='ocrx_word' id='word_1_191' title='bbox 1802 1460 1847 1494; x_wconf 87' lang='lat' dir='ltr'>ut</span> 
     </span>
     <span class='ocr_line' id='line_1_22' title="bbox 161 1523 1847 1578; baseline -0.002 -12"><span class='ocrx_word' id='word_1_192' title='bbox 161 1538 193 1560; x_wconf 73' lang='lat'>2⁰</span> <span class='ocrx_word' id='word_1_193' title='bbox 215 1527 428 1578; x_wconf 86' lang='lat' dir='ltr'>cogitauit.</span> <span class='ocrx_word' id='word_1_194' title='bbox 491 1526 674 1578; x_wconf 87' lang='lat' dir='ltr'>inprimis</span> <span class='ocrx_word' id='word_1_195' title='bbox 717 1530 858 1564; x_wconf 90' lang='lat' dir='ltr'>autem</span> <span class='ocrx_word' id='word_1_196' title='bbox 903 1525 1105 1576; x_wconf 84' lang='lat' dir='ltr'>cogitauit</span> <span class='ocrx_word' id='word_1_197' title='bbox 1147 1523 1301 1576; x_wconf 90' lang='lat' dir='ltr'>aliquid</span> <span class='ocrx_word' id='word_1_198' title='bbox 1342 1537 1469 1577; x_wconf 88' lang='lat' dir='ltr'>posse</span> <span class='ocrx_word' id='word_1_199' title='bbox 1507 1524 1733 1577; x_wconf 90' lang='lat' dir='ltr'>propositis</span> <span class='ocrx_word' id='word_1_200' title='bbox 1765 1525 1847 1564; x_wconf 91' lang='lat' dir='ltr'>suis</span> 
     </span>
     <span class='ocr_line' id='line_1_23' title="bbox 215 1594 1846 1649; baseline -0.001 -11"><span class='ocrx_word' id='word_1_201' title='bbox 215 1598 415 1638; x_wconf 87' lang='lat' dir='ltr'>resistere.</span> <span class='ocrx_word' id='word_1_202' title='bbox 477 1610 648 1636; x_wconf 90' lang='lat' dir='ltr'>necesse</span> <span class='ocrx_word' id='word_1_203' title='bbox 681 1601 744 1636; x_wconf 91' lang='lat' dir='ltr'>est</span> <span class='ocrx_word' id='word_1_204' title='bbox 776 1602 917 1636; x_wconf 88' lang='lat' dir='ltr'>autem</span> <span class='ocrx_word' id='word_1_205' title='bbox 948 1594 1076 1635; x_wconf 90' lang='lat' dir='ltr'>leuius</span> <span class='ocrx_word' id='word_1_206' title='bbox 1098 1596 1151 1635; x_wconf 91' lang='lat' dir='ltr'>ad</span> <span class='ocrx_word' id='word_1_207' title='bbox 1175 1595 1358 1634; x_wconf 90' lang='lat' dir='ltr'>animum</span> <span class='ocrx_word' id='word_1_208' title='bbox 1381 1597 1598 1649; x_wconf 89' lang='lat' dir='ltr'>peruenire</span> <span class='ocrx_word' id='word_1_209' title='bbox 1621 1596 1846 1636; x_wconf 88' lang='lat' dir='ltr'>destitutae</span> 
     </span>
     <span class='ocr_line' id='line_1_24' title="bbox 214 1666 1626 1721; baseline -0.001 -12"><span class='ocrx_word' id='word_1_210' title='bbox 214 1669 452 1721; x_wconf 87' lang='lat' dir='ltr'>cupiditatis</span> <span class='ocrx_word' id='word_1_211' title='bbox 485 1668 688 1716; x_wconf 90' lang='lat' dir='ltr'>dolorem,</span> <span class='ocrx_word' id='word_1_212' title='bbox 722 1667 785 1708; x_wconf 90' lang='lat' dir='ltr'>cui</span> <span class='ocrx_word' id='word_1_213' title='bbox 817 1680 1054 1706; x_wconf 91' lang='lat' dir='ltr'>successum</span> <span class='ocrx_word' id='word_1_214' title='bbox 1088 1680 1171 1706; x_wconf 92' lang='lat' dir='ltr'>non</span> <span class='ocrx_word' id='word_1_215' title='bbox 1203 1668 1344 1718; x_wconf 88' lang='lat' dir='ltr'>utique</span> <span class='ocrx_word' id='word_1_216' title='bbox 1375 1666 1626 1719; x_wconf 86' lang='lat' dir='ltr'>promiseris.</span> 
     </span>
     <span class='ocr_line' id='line_1_25' title="bbox 333 1737 1886 1787; baseline -0.001 -8"><span class='ocrx_word' id='word_1_217' title='bbox 333 1740 448 1779; x_wconf 84' lang='lat' dir='ltr'><strong>XIV.</strong></span> <span class='ocrx_word' id='word_1_218' title='bbox 492 1738 652 1778; x_wconf 86' lang='lat' dir='ltr'>Faciles</span> <span class='ocrx_word' id='word_1_219' title='bbox 686 1738 810 1778; x_wconf 85' lang='lat' dir='ltr'>etiam</span> <span class='ocrx_word' id='word_1_220' title='bbox 844 1752 921 1778; x_wconf 93' lang='lat' dir='ltr'>nos</span> <span class='ocrx_word' id='word_1_221' title='bbox 954 1737 1090 1777; x_wconf 85' lang='lat' dir='ltr'>facere</span> <span class='ocrx_word' id='word_1_222' title='bbox 1123 1737 1348 1787; x_wconf 92' lang='lat' dir='ltr'>debemus,</span> <span class='ocrx_word' id='word_1_223' title='bbox 1390 1751 1442 1777; x_wconf 93' lang='lat' dir='ltr'>ne</span> <span class='ocrx_word' id='word_1_224' title='bbox 1474 1739 1595 1778; x_wconf 91' lang='lat' dir='ltr'>nimis</span> <span class='ocrx_word' id='word_1_225' title='bbox 1629 1739 1844 1780; x_wconf 89' lang='lat' dir='ltr'>destinatis</span> <span class='ocrx_word' id='word_1_226' title='bbox 1880 1745 1886 1778; x_wconf 89' lang='lat'><em>1</em></span> 
     </span>
     <span class='ocr_line' id='line_1_26' title="bbox 214 1809 1843 1863; baseline -0.001 -12"><span class='ocrx_word' id='word_1_227' title='bbox 214 1811 336 1851; x_wconf 87' lang='lat' dir='ltr'>rebus</span> <span class='ocrx_word' id='word_1_228' title='bbox 359 1809 659 1863; x_wconf 83' lang='lat' dir='ltr'>indulgeamus,</span> <span class='ocrx_word' id='word_1_229' title='bbox 683 1816 1026 1861; x_wconf 84' lang='lat' dir='ltr'>transeamusque</span> <span class='ocrx_word' id='word_1_230' title='bbox 1048 1809 1087 1848; x_wconf 90' lang='lat' dir='ltr'>in</span> <span class='ocrx_word' id='word_1_231' title='bbox 1110 1823 1170 1857; x_wconf 89' lang='lat' dir='ltr'>ea,</span> <span class='ocrx_word' id='word_1_232' title='bbox 1192 1809 1231 1848; x_wconf 89' lang='lat' dir='ltr'>in</span> <span class='ocrx_word' id='word_1_233' title='bbox 1254 1822 1360 1862; x_wconf 90' lang='lat' dir='ltr'>quae</span> <span class='ocrx_word' id='word_1_234' title='bbox 1382 1823 1458 1848; x_wconf 91' lang='lat' dir='ltr'>nos</span> <span class='ocrx_word' id='word_1_235' title='bbox 1474 1823 1593 1849; x_wconf 88' lang='lat' dir='ltr'>casus</span> <span class='ocrx_word' id='word_1_236' title='bbox 1609 1810 1843 1860; x_wconf 85' lang='lat' dir='ltr'>deduxerit,</span> 
     </span>
     <span class='ocr_line' id='line_1_27' title="bbox 161 1880 1844 1933; baseline 0 -11"><span class='ocrx_word' id='word_1_237' title='bbox 161 1893 194 1918; x_wconf 76' lang='lat'>25</span> <span class='ocrx_word' id='word_1_238' title='bbox 215 1896 291 1922; x_wconf 90' lang='lat' dir='ltr'>nec</span> <span class='ocrx_word' id='word_1_239' title='bbox 331 1882 606 1921; x_wconf 88' lang='lat' dir='ltr'>mutationem</span> <span class='ocrx_word' id='word_1_240' title='bbox 640 1887 710 1921; x_wconf 89' lang='lat' dir='ltr'>aut</span> <span class='ocrx_word' id='word_1_241' title='bbox 743 1880 898 1920; x_wconf 90' lang='lat' dir='ltr'>consilii</span> <span class='ocrx_word' id='word_1_242' title='bbox 931 1886 1002 1920; x_wconf 87' lang='lat' dir='ltr'>aut</span> <span class='ocrx_word' id='word_1_243' title='bbox 1034 1886 1166 1920; x_wconf 91' lang='lat' dir='ltr'>status</span> <span class='ocrx_word' id='word_1_244' title='bbox 1198 1880 1564 1933; x_wconf 84' lang='lat' dir='ltr'>pertimescamuS,</span> <span class='ocrx_word' id='word_1_245' title='bbox 1607 1881 1844 1922; x_wconf 88' lang='lat' dir='ltr'>dummodo</span> 
     </span>
     <span class='ocr_line' id='line_1_28' title="bbox 215 1951 1844 2005; baseline 0.001 -13"><span class='ocrx_word' id='word_1_246' title='bbox 215 1967 292 1992; x_wconf 88' lang='lat' dir='ltr'>nos</span> <span class='ocrx_word' id='word_1_247' title='bbox 334 1952 499 1999; x_wconf 84' lang='lat' dir='ltr'>leuitas,</span> <span class='ocrx_word' id='word_1_248' title='bbox 544 1952 867 1991; x_wconf 90' lang='lat' dir='ltr'>inimicissimum</span> <span class='ocrx_word' id='word_1_249' title='bbox 912 1952 1038 2004; x_wconf 89' lang='lat' dir='ltr'>quieti</span> <span class='ocrx_word' id='word_1_250' title='bbox 1082 1951 1245 2000; x_wconf 89' lang='lat' dir='ltr'>uitium,</span> <span class='ocrx_word' id='word_1_251' title='bbox 1288 1965 1373 1991; x_wconf 93' lang='lat' dir='ltr'>non</span> <span class='ocrx_word' id='word_1_252' title='bbox 1411 1952 1602 2005; x_wconf 81' lang='lat' dir='ltr'>excipiat.</span> <span class='ocrx_word' id='word_1_253' title='bbox 1665 1967 1763 1992; x_wconf 88' lang='lat' dir='ltr'>nam</span> <span class='ocrx_word' id='word_1_254' title='bbox 1801 1961 1844 1995; x_wconf 93' lang='lat' dir='ltr'>et</span> 
     </span>
     <span class='ocr_line' id='line_1_29' title="bbox 214 2022 1844 2078; baseline 0.001 -15"><span class='ocrx_word' id='word_1_255' title='bbox 214 2024 441 2077; x_wconf 88' lang='lat' dir='ltr'>pertinacia</span> <span class='ocrx_word' id='word_1_256' title='bbox 473 2037 643 2062; x_wconf 88' lang='lat' dir='ltr'>necesse</span> <span class='ocrx_word' id='word_1_257' title='bbox 676 2029 739 2062; x_wconf 91' lang='lat' dir='ltr'>est</span> <span class='ocrx_word' id='word_1_258' title='bbox 772 2023 897 2062; x_wconf 83' lang='lat' dir='ltr'>anxia</span> <span class='ocrx_word' id='word_1_259' title='bbox 930 2029 971 2062; x_wconf 92' lang='lat' dir='ltr'>et</span> <span class='ocrx_word' id='word_1_260' title='bbox 1001 2023 1150 2062; x_wconf 87' lang='lat' dir='ltr'>misera</span> <span class='ocrx_word' id='word_1_261' title='bbox 1172 2023 1236 2071; x_wconf 85' lang='lat' dir='ltr'>sit,</span> <span class='ocrx_word' id='word_1_262' title='bbox 1270 2023 1333 2062; x_wconf 89' lang='lat' dir='ltr'>cui</span> <span class='ocrx_word' id='word_1_263' title='bbox 1355 2022 1522 2063; x_wconf 90' lang='lat' dir='ltr'>fortuna</span> <span class='ocrx_word' id='word_1_264' title='bbox 1543 2037 1669 2076; x_wconf 90' lang='lat' dir='ltr'>saepe</span> <span class='ocrx_word' id='word_1_265' title='bbox 1691 2023 1844 2078; x_wconf 89' lang='lat' dir='ltr'>aliquid</span> 
     </span>
     <span class='ocr_line' id='line_1_30' title="bbox 215 2093 1841 2147; baseline 0.001 -13"><span class='ocrx_word' id='word_1_266' title='bbox 215 2100 452 2147; x_wconf 79' lang='lat' dir='ltr'>extorquet,</span> <span class='ocrx_word' id='word_1_267' title='bbox 485 2101 527 2134; x_wconf 85' lang='lat' dir='ltr'>et</span> <span class='ocrx_word' id='word_1_268' title='bbox 559 2093 704 2133; x_wconf 85' lang='lat' dir='ltr'>leuitas</span> <span class='ocrx_word' id='word_1_269' title='bbox 737 2093 870 2133; x_wconf 91' lang='lat' dir='ltr'>multo</span> <span class='ocrx_word' id='word_1_270' title='bbox 903 2093 1069 2146; x_wconf 84' lang='lat' dir='ltr'>grauior</span> <span class='ocrx_word' id='word_1_271' title='bbox 1100 2107 1306 2146; x_wconf 89' lang='lat' dir='ltr'>nusquam</span> <span class='ocrx_word' id='word_1_272' title='bbox 1335 2107 1380 2133; x_wconf 87' lang='lat' dir='ltr'>se</span> <span class='ocrx_word' id='word_1_273' title='bbox 1403 2095 1631 2134; x_wconf 89' lang='lat' dir='ltr'>continens.</span> <span class='ocrx_word' id='word_1_274' title='bbox 1685 2101 1841 2135; x_wconf 91' lang='lat' dir='ltr'>utrum-</span> 
     </span>
     <span class='ocr_line' id='line_1_31' title="bbox 215 2164 1843 2219; baseline 0.001 -15"><span class='ocrx_word' id='word_1_275' title='bbox 215 2180 295 2217; x_wconf 84' lang='lat' dir='ltr'>que</span> <span class='ocrx_word' id='word_1_276' title='bbox 328 2165 521 2205; x_wconf 85' lang='lat' dir='ltr'>infestum</span> <span class='ocrx_word' id='word_1_277' title='bbox 555 2170 618 2204; x_wconf 89' lang='lat' dir='ltr'>cst</span> <span class='ocrx_word' id='word_1_278' title='bbox 650 2164 952 2217; x_wconf 82' lang='lat' dir='ltr'>tranquillitati,</span> <span class='ocrx_word' id='word_1_279' title='bbox 986 2170 1027 2204; x_wconf 87' lang='lat' dir='ltr'>et</span> <span class='ocrx_word' id='word_1_280' title='bbox 1060 2164 1158 2204; x_wconf 90' lang='lat' dir='ltr'>nihil</span> <span class='ocrx_word' id='word_1_281' title='bbox 1191 2170 1352 2204; x_wconf 88' lang='lat' dir='ltr'>mutare</span> <span class='ocrx_word' id='word_1_282' title='bbox 1384 2178 1510 2217; x_wconf 82' lang='lat' dir='ltr'>posse</span> <span class='ocrx_word' id='word_1_283' title='bbox 1542 2171 1584 2205; x_wconf 92' lang='lat' dir='ltr'>et</span> <span class='ocrx_word' id='word_1_284' title='bbox 1617 2165 1714 2206; x_wconf 90' lang='lat' dir='ltr'>nihil</span> <span class='ocrx_word' id='word_1_285' title='bbox 1745 2167 1843 2219; x_wconf 89' lang='lat' dir='ltr'>pati.</span> 
     </span>
     <span class='ocr_line' id='line_1_32' title="bbox 161 2235 1843 2288; baseline 0 -12"><span class='ocrx_word' id='word_1_286' title='bbox 161 2248 193 2271; x_wconf 74' lang='lat' dir='ltr'>³¹·ss</span> <span class='ocrx_word' id='word_1_287' title='bbox 216 2237 355 2288; x_wconf 92' lang='lat' dir='ltr'>utique</span> <span class='ocrx_word' id='word_1_288' title='bbox 398 2238 558 2276; x_wconf 83' lang='lat' dir='ltr'>animus</span> <span class='ocrx_word' id='word_1_289' title='bbox 600 2235 654 2275; x_wconf 90' lang='lat' dir='ltr'>ab</span> <span class='ocrx_word' id='word_1_290' title='bbox 696 2235 891 2275; x_wconf 91' lang='lat' dir='ltr'>omnibus</span> <span class='ocrx_word' id='word_1_291' title='bbox 934 2237 1117 2275; x_wconf 82' lang='lat' dir='ltr'>externis</span> <span class='ocrx_word' id='word_1_292' title='bbox 1161 2236 1201 2275; x_wconf 95' lang='lat' dir='ltr'>in</span> <span class='ocrx_word' id='word_1_293' title='bbox 1244 2249 1288 2274; x_wconf 91' lang='lat' dir='ltr'>se</span> <span class='ocrx_word' id='word_1_294' title='bbox 1331 2236 1591 2275; x_wconf 90' lang='lat' dir='ltr'>reuocandus</span> <span class='ocrx_word' id='word_1_295' title='bbox 1633 2242 1722 2276; x_wconf 88' lang='lat' dir='ltr'>est:</span> <span class='ocrx_word' id='word_1_296' title='bbox 1768 2237 1843 2276; x_wconf 88' lang='lat' dir='ltr'>sibi</span> 
     </span>
     <span class='ocr_line' id='line_1_33' title="bbox 214 2306 1843 2359; baseline 0.001 -13"><span class='ocrx_word' id='word_1_297' title='bbox 214 2307 422 2355; x_wconf 84' lang='lat' dir='ltr'>confidat,</span> <span class='ocrx_word' id='word_1_298' title='bbox 464 2321 509 2346; x_wconf 93' lang='lat' dir='ltr'>se</span> <span class='ocrx_word' id='word_1_299' title='bbox 542 2307 746 2358; x_wconf 85' lang='lat' dir='ltr'>gaudeat,</span> <span class='ocrx_word' id='word_1_300' title='bbox 778 2320 852 2346; x_wconf 87' lang='lat' dir='ltr'>sua</span> <span class='ocrx_word' id='word_1_301' title='bbox 883 2306 1099 2358; x_wconf 89' lang='lat' dir='ltr'>suspiciat,</span> <span class='ocrx_word' id='word_1_302' title='bbox 1132 2307 1325 2354; x_wconf 87' lang='lat' dir='ltr'>recedat,</span> <span class='ocrx_word' id='word_1_303' title='bbox 1357 2312 1560 2359; x_wconf 89' lang='lat' dir='ltr'>quantum</span> <span class='ocrx_word' id='word_1_304' title='bbox 1594 2313 1758 2359; x_wconf 89' lang='lat' dir='ltr'>potest,</span> <span class='ocrx_word' id='word_1_305' title='bbox 1790 2307 1843 2347; x_wconf 92' lang='lat' dir='ltr'>ab</span> 
     </span>
     <span class='ocr_line' id='line_1_34' title="bbox 213 2376 1844 2430; baseline 0.001 -14"><span class='ocrx_word' id='word_1_306' title='bbox 213 2377 353 2417; x_wconf 90' lang='lat' dir='ltr'>alienis</span> <span class='ocrx_word' id='word_1_307' title='bbox 383 2383 424 2417; x_wconf 92' lang='lat' dir='ltr'>et</span> <span class='ocrx_word' id='word_1_308' title='bbox 447 2392 491 2417; x_wconf 92' lang='lat' dir='ltr'>se</span> <span class='ocrx_word' id='word_1_309' title='bbox 513 2377 590 2416; x_wconf 90' lang='lat' dir='ltr'>sibi</span> <span class='ocrx_word' id='word_1_310' title='bbox 612 2376 804 2429; x_wconf 89' lang='lat' dir='ltr'>adplicet,</span> <span class='ocrx_word' id='word_1_311' title='bbox 838 2377 994 2417; x_wconf 90' lang='lat' dir='ltr'>damna</span> <span class='ocrx_word' id='word_1_312' title='bbox 1016 2391 1102 2417; x_wconf 92' lang='lat' dir='ltr'>non</span> <span class='ocrx_word' id='word_1_313' title='bbox 1125 2377 1285 2425; x_wconf 89' lang='lat' dir='ltr'>sentiat,</span> <span class='ocrx_word' id='word_1_314' title='bbox 1316 2378 1440 2416; x_wconf 90' lang='lat' dir='ltr'>etiam</span> <span class='ocrx_word' id='word_1_315' title='bbox 1464 2377 1642 2417; x_wconf 87' lang='lat' dir='ltr'>aduersa</span> <span class='ocrx_word' id='word_1_316' title='bbox 1663 2377 1844 2430; x_wconf 82' lang='lat' dir='ltr'>benigne</span> 
     </span>
    </p>
   </div>
   <div class='ocr_carea' id='block_1_5' title="bbox 1870 2243 1890 2274">
    <p class='ocr_par' dir='ltr' id='par_1_5' title="bbox 1870 2243 1890 2274">
     <span class='ocr_line' id='line_1_35' title="bbox 1870 2243 1890 2274; textangle 90"><span class='ocrx_word' id='word_1_317' title='bbox 1870 2243 1890 2274; x_wconf 56' lang='lat' dir='ltr'>n:</span> 
     </span>
    </p>
   </div>
   <div class='ocr_carea' id='block_1_6' title="bbox 213 2515 1844 2861">
    <p class='ocr_par' dir='ltr' id='par_1_6' title="bbox 215 2515 1844 2561">
     <span class='ocr_line' id='line_1_36' title="bbox 215 2515 1844 2561; baseline 0 -10"><span class='ocrx_word' id='word_1_318' title='bbox 215 2518 234 2551; x_wconf 85' lang='lat'>5</span> <span class='ocrx_word' id='word_1_319' title='bbox 270 2519 437 2551; x_wconf 66' lang='lat' dir='ltr'>teterrimi-1</span> <span class='ocrx_word' id='word_1_320' title='bbox 568 2518 588 2546; x_wconf 45' lang='grc' dir='ltr'>Β</span> <span class='ocrx_word' id='word_1_321' title='bbox 624 2519 827 2560; x_wconf 78' lang='lat' dir='ltr'>praecepisse</span> <span class='ocrx_word' id='word_1_322' title='bbox 853 2516 974 2551; x_wconf 75' lang='lat' dir='ltr'>Koch:</span> <span class='ocrx_word' id='word_1_323' title='bbox 1005 2518 1127 2559; x_wconf 85' lang='lat' dir='ltr'>cepisse</span> <span class='ocrx_word' id='word_1_324' title='bbox 1155 2515 1233 2551; x_wconf 78' lang='lat' dir='ltr'>cod.</span> <span class='ocrx_word' id='word_1_325' title='bbox 1261 2518 1408 2559; x_wconf 85' lang='lat' dir='ltr'>coepisse</span> <span class='ocrx_word' id='word_1_326' title='bbox 1433 2515 1543 2561; x_wconf 70' lang='lat' dir='ltr'>uulqo</span> <span class='ocrx_word' id='word_1_327' title='bbox 1588 2516 1688 2560; x_wconf 70' lang='lat' dir='ltr'>Confi</span> <span class='ocrx_word' id='word_1_328' title='bbox 1718 2516 1762 2551; x_wconf 79' lang='lat' dir='ltr'>de</span> <span class='ocrx_word' id='word_1_329' title='bbox 1787 2518 1844 2551; x_wconf 68' lang='lat' dir='ltr'>ira</span> 
     </span>
    </p>

    <p class='ocr_par' dir='ltr' id='par_1_7' title="bbox 215 2577 1843 2619">
     <span class='ocr_line' id='line_1_37' title="bbox 215 2577 1843 2619; baseline -0.001 -10"><span class='ocrx_word' id='word_1_330' title='bbox 215 2579 246 2617; x_wconf 87' lang='lat'>3,</span> <span class='ocrx_word' id='word_1_331' title='bbox 267 2579 298 2618; x_wconf 82' lang='lat'>6,</span> <span class='ocrx_word' id='word_1_332' title='bbox 318 2579 335 2609; x_wconf 82' lang='lat'><strong>3</strong></span> <span class='ocrx_word' id='word_1_333' title='bbox 364 2578 508 2619; x_wconf 78' lang='lat' dir='ltr'>proderit</span> <span class='ocrx_word' id='word_1_334' title='bbox 535 2578 631 2609; x_wconf 85' lang='lat' dir='ltr'>nobis</span> <span class='ocrx_word' id='word_1_335' title='bbox 657 2578 732 2609; x_wconf 77' lang='lat' dir='ltr'>illud</span> <span class='ocrx_word' id='word_1_336' title='bbox 760 2577 942 2608; x_wconf 83' lang='lat' dir='ltr'>Democriti</span> <span class='ocrx_word' id='word_1_337' title='bbox 969 2577 1108 2608; x_wconf 85' lang='lat' dir='ltr'>salutare</span> <span class='ocrx_word' id='word_1_338' title='bbox 1134 2580 1353 2618; x_wconf 82' lang='lat' dir='ltr'>praeceptum,</span> <span class='ocrx_word' id='word_1_339' title='bbox 1380 2588 1443 2618; x_wconf 84' lang='lat' dir='ltr'>quo</span> <span class='ocrx_word' id='word_1_340' title='bbox 1471 2580 1665 2608; x_wconf 75' lang='lat' dir='ltr'>monstratur</span> <span class='ocrx_word' id='word_1_341' title='bbox 1692 2578 1843 2619; x_wconf 84' lang='lat' dir='ltr'>tranquil·-</span> 
     </span>
    </p>

    <p class='ocr_par' dir='ltr' id='par_1_8' title="bbox 213 2635 1843 2738">
     <span class='ocr_line' id='line_1_38' title="bbox 213 2635 1843 2678; baseline 0.001 -12"><span class='ocrx_word' id='word_1_342' title='bbox 213 2636 305 2675; x_wconf 68' lang='lat' dir='ltr'>litas,</span> <span class='ocrx_word' id='word_1_343' title='bbox 337 2636 363 2667; x_wconf 84' lang='lat' dir='ltr'>si</span> <span class='ocrx_word' id='word_1_344' title='bbox 395 2647 497 2677; x_wconf 81' lang='lat' dir='ltr'>neque</span> <span class='ocrx_word' id='word_1_345' title='bbox 532 2637 681 2677; x_wconf 82' lang='lat' dir='ltr'>priuatim</span> <span class='ocrx_word' id='word_1_346' title='bbox 717 2648 818 2678; x_wconf 86' lang='lat' dir='ltr'>neque</span> <span class='ocrx_word' id='word_1_347' title='bbox 852 2636 982 2677; x_wconf 85' lang='lat' dir='ltr'>publice</span> <span class='ocrx_word' id='word_1_348' title='bbox 1015 2635 1115 2666; x_wconf 83' lang='lat' dir='ltr'>multa</span> <span class='ocrx_word' id='word_1_349' title='bbox 1149 2640 1200 2666; x_wconf 88' lang='lat' dir='ltr'>aut</span> <span class='ocrx_word' id='word_1_350' title='bbox 1234 2636 1361 2666; x_wconf 83' lang='lat' dir='ltr'>maiora</span> <span class='ocrx_word' id='word_1_351' title='bbox 1396 2636 1517 2666; x_wconf 82' lang='lat' dir='ltr'>uiribus</span> <span class='ocrx_word' id='word_1_352' title='bbox 1543 2637 1658 2667; x_wconf 76' lang='lat' dir='ltr'>nostris</span> <span class='ocrx_word' id='word_1_353' title='bbox 1684 2637 1843 2678; x_wconf 75' lang='lat' dir='ltr'>egerimus</span> 
     </span>
     <span class='ocr_line' id='line_1_39' title="bbox 309 2692 1843 2738; baseline 0.002 -12"><span class='ocrx_word' id='word_1_354' title='bbox 309 2694 328 2726; x_wconf 63' lang='grc' dir='ltr'>Ω</span> <span class='ocrx_word' id='word_1_355' title='bbox 348 2696 516 2737; x_wconf 69' lang='lat' dir='ltr'>tranquille</span> <span class='ocrx_word' id='word_1_356' title='bbox 635 2697 671 2728; x_wconf 76' lang='lat' dir='ltr'>lt:</span> <span class='ocrx_word' id='word_1_357' title='bbox 693 2697 837 2728; x_wconf 80' lang='lat' dir='ltr'>fortunae</span> <span class='ocrx_word' id='word_1_358' title='bbox 856 2694 1072 2729; x_wconf 69' lang='lat' dir='ltr'>deteriores:</span> <span class='ocrx_word' id='word_1_359' title='bbox 1102 2695 1229 2726; x_wconf 81' lang='lat' dir='ltr'>fortuna</span> <span class='ocrx_word' id='word_1_360' title='bbox 1342 2692 1377 2727; x_wconf 82' lang='grc'>16</span> <span class='ocrx_word' id='word_1_361' title='bbox 1396 2695 1552 2736; x_wconf 62' lang='lat' dir='ltr'>pretortizi</span> <span class='ocrx_word' id='word_1_362' title='bbox 1658 2696 1702 2730; x_wconf 68' lang='lat'>‘20</span> <span class='ocrx_word' id='word_1_363' title='bbox 1721 2697 1843 2738; x_wconf 79' lang='lat' dir='ltr'>aliquid</span> 
     </span>
    </p>

    <p class='ocr_par' dir='ltr' id='par_1_9' title="bbox 213 2753 1695 2800">
     <span class='ocr_line' id='line_1_40' title="bbox 213 2753 1695 2800; baseline 0 -11"><span class='ocrx_word' id='word_1_364' title='bbox 213 2754 291 2789; x_wconf 81' lang='lat' dir='ltr'>cod.</span> <span class='ocrx_word' id='word_1_365' title='bbox 319 2765 397 2789; x_wconf 80' lang='lat' dir='ltr'>cum</span> <span class='ocrx_word' id='word_1_366' title='bbox 423 2754 603 2789; x_wconf 68' lang='lat' dir='ltr'>ueteribus</span> <span class='ocrx_word' id='word_1_367' title='bbox 629 2755 853 2796; x_wconf 71' lang='lat' dir='ltr'>editionibus,</span> <span class='ocrx_word' id='word_1_368' title='bbox 881 2756 968 2787; x_wconf 87' lang='lat' dir='ltr'>aliud</span> <span class='ocrx_word' id='word_1_369' title='bbox 995 2753 1142 2789; x_wconf 75' lang='lat' dir='ltr'>Fickert</span> <span class='ocrx_word' id='word_1_370' title='bbox 1168 2757 1202 2788; x_wconf 83' lang='lat' dir='ltr'>et</span> <span class='ocrx_word' id='word_1_371' title='bbox 1226 2753 1350 2789; x_wconf 79' lang='lat' dir='ltr'>Haase</span> <span class='ocrx_word' id='word_1_372' title='bbox 1370 2765 1494 2800; x_wconf 79' lang='lat' dir='ltr'>praua</span> <span class='ocrx_word' id='word_1_373' title='bbox 1520 2756 1695 2790; x_wconf 71' lang='lat' dir='ltr'>sententia</span> 
     </span>
    </p>

    <p class='ocr_par' dir='ltr' id='par_1_10' title="bbox 213 2813 1560 2861">
     <span class='ocr_line' id='line_1_41' title="bbox 213 2813 1560 2861; baseline -0.001 -12"><span class='ocrx_word' id='word_1_374' title='bbox 213 2815 256 2850; x_wconf 63' lang='lat'>25)</span> <span class='ocrx_word' id='word_1_375' title='bbox 284 2816 494 2847; x_wconf 80' lang='lat' dir='ltr'>mutationem</span> <span class='ocrx_word' id='word_1_376' title='bbox 524 2813 694 2861; x_wconf 68' lang='lat' dir='ltr'>Maclzciq:</span> <span class='ocrx_word' id='word_1_377' title='bbox 726 2816 901 2848; x_wconf 82' lang='lat' dir='ltr'>mutatione</span> <span class='ocrx_word' id='word_1_378' title='bbox 1020 2814 1064 2848; x_wconf 75' lang='lat'>32</span> <span class='ocrx_word' id='word_1_379' title='bbox 1092 2815 1233 2857; x_wconf 84' lang='lat' dir='ltr'>applicet</span> <span class='ocrx_word' id='word_1_380' title='bbox 1260 2814 1377 2860; x_wconf 74' lang='lat' dir='ltr'>(prior</span> <span class='ocrx_word' id='word_1_381' title='bbox 1402 2826 1423 2857; x_wconf 87' lang='lat' dir='ltr'>p</span> <span class='ocrx_word' id='word_1_382' title='bbox 1449 2816 1560 2857; x_wconf 81' lang='lat' dir='ltr'>corr.)</span> 
     </span>
    </p>
   </div>
  </div>
 </body>
</html>
