1977 3231
433 122 537 149 DIAL.
553 122 616 149 VlI.
655 122 709 148 AD
730 122 963 148 GALLiONEM
986 122 1037 148 DE
1057 123 1150 149 VITA
1173 123 1312 150 BEATA.
1351 124 1397 150 26.
1651 128 1726 167 181

106 234 160 259 ex
192 218 419 271 longinquo
452 224 684 267 struuntur,
721 219 990 272 intellegunt:
1037 219 1147 259 idem
1181 220 1299 260 uobis
1332 221 1480 260 euenit.
1543 221 1735 261 marcetis

105 291 144 330 in
187 289 332 329 uestris
375 289 498 328 rebus
530 303 606 329 nec
638 291 851 342 cogitatis,
894 297 999 342 quot
1031 303 1150 330 casus
1182 291 1364 343 undique
1396 291 1621 332 inmineant
1652 293 1734 332 iam

104 361 269 412 iamque
309 360 492 411 pretiosa
533 360 666 412 spolia
696 360 826 400 laturi.
888 361 1063 413 sapienti
1094 361 1278 413 quisquis
1311 361 1527 401 abstulerit
1560 361 1732 411 diuitias

103 431 244 470 omnia
289 429 343 470 illi
392 444 466 469 sua
514 430 723 483 relinquet.
786 431 884 470 uiuit
926 432 1035 470 enim
1077 431 1367 483 praesentibus
1409 431 1561 481 laetus,
1614 433 1734 473 futuri

103 514 279 541 securus.
332 499 428 539 nihil
461 502 605 553 magis,
638 501 766 553 inquit
799 501 863 541 ille
886 500 1082 541 Socrates
1115 508 1185 541 aut
1218 501 1360 554 aliquis
1393 501 1503 551 alius,
1537 504 1597 543 cui
1621 503 1732 544 idem
1753 517 1767 541 5

103 571 169 610 ins
210 571 408 611 aduersus
450 571 633 612 humana
674 578 798 624 atque
839 573 990 612 eadem
1032 578 1220 624 potestas
1264 579 1346 620 est,
1397 574 1580 624 persuasi
1623 574 1734 624 mihi,

102 656 228 695 quam
261 656 312 681 ne
346 642 398 681 ad
431 642 645 694 opiniones
678 648 836 682 uestras
869 648 1007 682 actum
1041 644 1151 682 uitae
1183 656 1303 682 meae
1336 642 1559 683 flecterem.
1614 645 1733 685 solita
1783 671 1786 674 -

103 712 287 753 conferte
331 713 512 765 undique
552 713 702 753 uerba:
749 727 833 752 non
875 713 1093 753 conuiciari
1135 726 1210 752 uos
1252 713 1434 765 putabo,
1474 715 1547 754 sed
1592 716 1732 768 uagire

101 783 213 824 uelut
256 783 431 822 infantes
464 784 725 824 miserrimos.
801 783 904 824 haec
946 784 1056 823 dicet
1087 783 1172 832 ille,
1217 784 1512 837 cu'i‘sapientia
1545 787 1731 838 contigit,

101 868 225 907 quem
258 855 416 895 animus
448 855 640 895 uitiorum
672 855 848 894 inmunis
881 855 1092 907 increpare
1125 854 1238 903 alios,
1270 868 1354 894 non
1386 857 1481 908 quia
1512 857 1623 904 odit,
1656 857 1731 896 sed
1756 870 1785 895 ιο

100 925 138 964 in
180 927 410 965 remedium
453 926 577 965 iubet.
639 925 788 965 adiciet
830 925 893 965 his
934 924 1024 965 illa:
1076 925 1330 965 existimatio
1378 940 1446 966 me
1478 934 1617 967 uestra
1649 941 1733 966 non

100 1009 196 1036 meo
248 997 417 1035 nomine
469 996 542 1036 sed
592 986 731 1036 uestro
782 1002 948 1043 mouet,
999 996 1095 1048 quia
1135 996 1465 1037 incolumitatem
1510 998 1649 1038 odisse
1691 1004 1733 1038 et

99 1066 300 1107 lacessere
342 1067 537 1107 uirtutem
580 1067 718 1106 bonae
760 1067 847 1119 spei
879 1067 1050 1106 eiuratio
1086 1073 1159 1107 est.
1222 1067 1378 1107 nullam
1416 1061 1513 1108 mihi
1545 1069 1730 1108 iniuriam

99 1137 240 1178 facitis.
303 1143 344 1177 et
387 1151 438 1177 ne
482 1138 543 1178 dis
575 1138 742 1191 quidem
775 1138 816 1177 hi
849 1138 916 1189 qui
949 1151 1040 1178 aras
1074 1145 1275 1179 euertunt.
1339 1139 1412 1178 sed
1446 1139 1601 1178 malum
1635 1153 1729 1192 pro-

98 1209 281 1260 positum
325 1216 498 1261 apparet
542 1208 782 1261 malumque
824 1208 1039 1248 consilium
1083 1209 1209 1249 etiam
1243 1209 1320 1257 ibi,
1364 1209 1432 1249 ubi
1464 1223 1616 1250 nocere
1648 1224 1731 1249 non
1755 1224 1785 1248 15

100 1281 246 1333 potuit.
309 1280 366 1318 sic
418 1285 576 1319 uestras
628 1278 969 1320 hallucinationes
1013 1279 1099 1319 fero
1144 1281 1505 1332 quemadmodum
1550 1281 1733 1334 Iuppiter

99 1351 280 1403 optimus
314 1351 522 1390 maximus
553 1351 727 1403 ineptias
758 1358 992 1403 poetarum,
1025 1365 1202 1404 quorum
1237 1350 1337 1391 alius
1360 1351 1410 1390 illi
1432 1351 1516 1391 alas
1541 1353 1731 1405 inposuit,

99 1420 198 1461 alius
231 1435 406 1469 cornua,
451 1421 551 1461 alius
585 1420 819 1461 adulterum
853 1421 964 1461 illum
997 1422 1159 1461 induxit
1192 1428 1234 1462 et
1267 1422 1587 1471 abnoctantem,
1631 1423 1732 1462 alius

99 1505 268 1531 saeuum
302 1493 341 1531 in
374 1493 489 1540 deos,
522 1491 622 1532 alius
656 1493 840 1544 iniquum
873 1493 912 1531 in
934 1492 1137 1541 homines,
1170 1492 1271 1532 alius
1293 1499 1507 1547 raptorum
1531 1494 1729 1546 ingenuo-

101 1576 190 1602 rum
224 1568 513 1615 corruptorem
546 1568 588 1602 et
620 1569 897 1615 cognatorum
930 1563 1109 1614 quidem⁷
1142 1563 1242 1603 alius
1274 1564 1520 1616 parricidam
1551 1570 1592 1604 et
1615 1564 1729 1616 regni
1751 1577 1783 1601 20

100 1633 217 1672 alieni
249 1634 490 1685 paternique
523 1640 871 1686 expugnatorem.
925 1634 1074 1685 quibus
1094 1633 1191 1673 nihil
1213 1634 1321 1674 aliud
1345 1640 1484 1674 actum
1508 1641 1580 1683 est,
1604 1649 1730 1687 quam

100 1710 144 1744 ut
176 1703 312 1757 pudor
343 1703 579 1743 hominibus
611 1706 812 1757 peccandi
846 1706 1093 1752 demeretur,
1127 1707 1158 1744 si
1190 1704 1294 1745 tales
1318 1706 1421 1744 deos
1445 1706 1729 1747 credidissent.

99 1775 175 1814 sed
216 1788 469 1826 quamquam
512 1777 589 1815 ista
632 1789 699 1815 me
741 1775 838 1815 nihil
882 1775 1070 1823 laedant,
1113 1778 1254 1815 ’uestra
1290 1782 1433 1816 tamen
1466 1790 1542 1815 uos
1575 1790 1729 1816 moneo

100 1859 247 1885 causa:
283 1846 477 1898 suspicite
510 1845 717 1887 uirtutem.
781 1847 937 1886 credite
966 1847 1022 1894 iis,
1055 1847 1123 1898 qui
1152 1846 1263 1886 illam
1286 1848 1354 1886 diu
1377 1848 1506 1887 secuti
1530 1861 1728 1899 magnum

99 1916 299 1967 quiddam
332 1916 444 1969 ipsos
477 1923 518 1958 et
550 1918 664 1969 quod
697 1917 734 1956 in
768 1918 855 1957 dies
888 1918 1018 1957 maius
1054 1911 1270 1969 appareat,
1304 1918 1418 1970 sequi
1450 1917 1652 1966 clamant,
1687 1924 1729 1958 et
1749 1931 1782 1955 25

220 2093 235 2125 1
273 2093 461 2134 intellegunt
488 2090 616 2137 uulqo:
646 2093 833 2134 intellegant
963 2094 982 2126 ⁴2
1019 2094 1207 2125 immineant
1336 2095 1472 2136 iaiamq3
1504 2094 1551 2136 (ia,
1576 2093 1611 2127 ‘ln
1638 2094 1728 2135 ras.)

906 2151 929 2175 la

217 2188 236 2218 2¹,
271 2187 377 2228 spolia
403 2187 506 2220 laturi.
541 2187 677 2228 sapienti
704 2185 780 2220 EQ:
811 2180 968 2228 spoliatui
997 2188 1133 2228 sapienti
1160 2188 1183 2227 (i
1210 2190 1376 2221 extrema
1402 2187 1437 2220 in
1464 2198 1550 2226 ras..
1574 2187 1661 2232 [ΟΝ.
1690 2189 1728 2228 is)

216 2245 236 2279 4
266 2247 359 2278 futuri
386 2244 462 2279 Efl:
494 2246 603 2277 suturis
749 2245 768 2277 ᾗ
796 2246 881 2277 idem
910 2247 956 2277 ius
984 2245 1116 2290 Neap.:
1148 2247 1236 2278 idem
1381 2246 1400 2279 O
1436 2248 1596 2288 sapientia
1623 2246 1726 2281 dett.:

99 2306 236 2347 sapienti
370 2305 411 2339 10
445 2305 595 2335 immunis
722 2305 760 2338 12
797 2305 1050 2336 incolumitatem
1086 2303 1206 2338 K'Ocll:
1246 2305 1419 2337 clamitatis
1454 2305 1532 2342 cod,
1568 2307 1730 2338 claritates

102 2363 260 2408 Georqes
292 2373 360 2409 per
395 2363 531 2397 litteras
567 2364 736 2395 calamitas
772 2368 816 2395 est
844 2365 1002 2405 sapientes
1030 2362 1181 2408 Maduz'q
1210 2364 1403 2395 calamitatis
1430 2369 1475 2396 est
1505 2364 1609 2398 Gerl:

107 2423 140 2455 14
178 2427 206 2454 et
241 2420 360 2456 Koch:
398 2423 453 2453 sed
489 2420 568 2455 cod.
604 2422 698 2466 conf.
734 2422 778 2456 de
814 2421 889 2456 ben.
925 2425 958 2460 4,
995 2424 1037 2455 29
1074 2424 1092 2454 2
1239 2423 1299 2454 diis
1334 2423 1459 2465 (corr.)
1493 2424 1592 2465 quide
1625 2425 1669 2455 hii
1696 2422 1725 2466 q'

100 2482 224 2523 (corr.)
362 2481 397 2514 15
434 2482 560 2522 mali-iffi
576 2492 596 2511 ez:-
734 2482 768 2514 11ἱ
804 2482 1124 2513 halucinanactiones
1159 2479 1256 2522 (inde
1282 2491 1304 2514 a
1330 2481 1361 2512 lu
1381 2481 1530 2525 punclls
1555 2486 1726 2524 notulam,

98 2539 133 2573 in
152 2550 267 2583 marq.
286 2551 328 2573 721.
349 2543 381 2580 3,
400 2544 439 2573 ut
456 2539 610 2581 uidetur,
628 2541 929 2582 habominationes)
1059 2540 1094 2572 1⁴⁸*
1122 2540 1349 2571 abnoctantem
1369 2539 1497 2584 nul-qo:
1527 2542 1727 2575 obnoctantC·

226 2599 261 2631 lt)
295 2603 409 2639 sensi*
444 2607 543 2641 tras„
573 2599 645 2643 sitit
672 2599 718 2641 m)
841 2601 986 2641 iniqui-1*
1014 2600 1112 2640 (ras.‚
1136 2597 1207 2642 sicit
1236 2602 1281 2639 m)
1403 2605 1530 2641 raptozt
1557 2601 1727 2641 ingenuo&

100 2662 290 2698 corruptore
318 2660 523 2699 (corruptore
550 2658 586 2692 in
612 2658 702 2700 ras.)
738 2657 816 2692 cod.
844 2662 1006 2699 raptorem
1041 2659 1250 2699 ingenuorum
1286 2657 1539 2702 [corruptorem]
1577 2657 1727 2702 Madm'q

99 2715 164 2749 scd
189 2714 237 2758 Cf.
265 2715 342 2749 Lm.
370 2718 424 2756 29,
456 2718 492 2749 17
515 2722 723 2759 constuprant
750 2743 757 2750 .
784 2744 791 2751 ,
820 2718 975 2758 ingenuos
1003 2721 1111 2758 raptos
1138 2728 1175 2747 ex
1202 2717 1372 2758 complexu
1399 2718 1578 2758 parentium

100 2775 138 2808 ‘21
179 2775 266 2806 aliud
293 2775 328 2816 (d
354 2775 463 2816 corr.)
586 2775 630 2809 ⁴23
665 2787 748 2807 me-x-
775 2777 862 2817 (ras.
887 2775 977 2819 fort.
1006 2775 1037 2815 a)
1161 2779 1266 2806 uestra
1292 2779 1399 2807 tamen
1425 2775 1503 2811 cod.
1531 2781 1563 2809 et
1588 2779 1728 2810 ueteres

100 2855 292 2896 editiones,
320 2867 387 2890 οηι.
414 2862 520 2889 tamen
546 2856 694 2892 Fickert
719 2860 753 2891 el
779 2857 904 2892 Ilaase
1048 2857 1088 2891 ‘24
1119 2832 1400 2902 hiis‘(suprascr.
1428 2869 1472 2893 m.
1499 2858 1584 2900 reo.)
