2008 3221
237 143 318 181 104
688 136 791 162 DlAL.
814 137 848 163 V.
891 137 941 161 DE
963 137 1028 161 IRA
1051 137 1123 162 Lm.
1144 136 1198 163 111.
1237 138 1280 164 20.
1301 139 1345 165 21.
1366 138 1409 164 22.

233 236 390 275 radices
422 248 589 287 quoque
622 241 664 274 et
695 234 852 273 herbae
885 233 1125 274 defecerant
1157 236 1429 287 apparuitque
1461 238 1580 288 inops
1613 237 1738 276 etiam
1772 238 1857 276 ani-

234 308 401 347 malium
444 306 646 353 solitudo,
689 306 898 344 decimum
940 319 1150 358 quemque
1188 306 1322 345 sortiti
1354 306 1595 346 alimentum
1628 307 1861 346 habuerunt

232 379 342 418 fame
380 377 551 417 saeuius.
614 377 770 428 agebat
802 376 939 416 adhuc
971 383 1030 416 ira
1061 389 1206 428 regem
1238 378 1525 429 praecipitem,
1569 392 1663 417 cum
1695 384 1860 430 partem
1886 383 1907 416 4

232 450 437 489 exercitus
470 448 696 496 amisisset,
736 454 899 499 partem
933 448 1204 495 comedisset,
1247 448 1384 487 donec
1422 449 1573 496 timuit,
1615 462 1668 488 ne
1701 455 1742 488 et
1773 450 1861 501 ipse

197 532 211 554 5
232 525 451 559 uocaretur
482 519 534 558 ad
566 524 750 558 sortem:
796 524 886 557 tum
918 519 1089 557 demum
1123 520 1286 569 signum
1319 520 1502 571 receptui
1534 520 1660 560 dedit.
1723 533 1859 559 serua-

179 887 209 910 10

180 1242 208 1265 15

170 2308 202 2330 ΖΗ)

231 592 383 631 bantur
412 591 575 630 interim
609 603 839 642 generosae
872 589 925 628 illi
958 603 1057 629 aues
1090 596 1131 628 et
1160 590 1433 629 instrumenta
1455 590 1670 642 epularum
1693 591 1862 630 camelis

231 663 510 709 uehebantur,
553 674 647 699 cum
688 661 931 700 sortirentur
964 660 1114 700 milites
1147 661 1252 708 eius,
1295 661 1385 712 quis
1418 661 1527 700 male
1559 663 1733 713 periret,
1771 663 1861 714 quis

230 736 345 786 peius
377 735 547 773 uiueret.

348 804 463 844 XXI.
506 803 586 843 Hic
626 804 751 842 iratus
793 802 867 842 fuit
900 804 1015 854 genti
1046 809 1087 842 et
1119 805 1290 855 ignotae
1322 809 1363 842 et
1395 803 1627 851 inmeritae,
1666 817 1861 843 sensurae

228 882 396 916 tamen:
445 874 580 926 Cyrus
608 874 775 913 flumini.
827 887 924 913 nam
949 887 1043 913 cum
1066 873 1289 925 Babylona
1311 881 1627 926 oppugnaturus
1650 873 1862 914 festinaret

229 949 283 987 ad
315 946 489 994 bellum,
533 946 645 984 cuius
679 947 866 984 maxima
898 952 1115 985 momenta
1147 947 1186 985 in
1219 947 1506 985 occasionibus
1537 951 1644 994 sunt,
1679 945 1860 997 Gynden

229 1019 312 1058 late
354 1017 488 1057 fusum
535 1030 703 1056 amnem
737 1018 848 1056 uado
881 1018 1054 1056 transire
1085 1017 1326 1068 temptauit,
1369 1016 1483 1068 quod
1516 1018 1586 1056 uix
1619 1023 1753 1057 tutum
1787 1023 1861 1065 est,

229 1092 355 1130 etiam
388 1103 482 1128 cum
516 1088 642 1128 sensit
675 1094 880 1127 aestatem
914 1094 956 1128 et
989 1088 1043 1128 ad
1077 1089 1292 1127 minimum
1326 1089 1530 1127 deductus
1553 1094 1627 1127 est.
1679 1088 1735 1127 ibi
1758 1102 1860 1127 unus

229 1175 283 1201 ex
325 1163 368 1200 iis
407 1156 542 1213 equis,
585 1160 654 1211 qui
696 1159 861 1199 trahere
903 1160 1063 1211 regium
1106 1172 1269 1199 currum
1309 1159 1392 1198 albi
1423 1159 1629 1207 solebant,
1661 1159 1861 1212 abreptus

229 1232 501 1272 uehementer
534 1231 766 1270 commouit
798 1244 968 1282 regem:
1005 1231 1149 1270 iurauit
1181 1231 1319 1283 itaque
1347 1244 1391 1270 se
1413 1244 1582 1270 amnem
1611 1230 1723 1270 illum
1753 1231 1860 1282 regis

228 1304 452 1343 comitatus
494 1301 749 1342 auferentem
793 1315 845 1341 eo
878 1302 1161 1350 redacturum,
1203 1308 1246 1341 ut
1277 1303 1439 1341 transiri
1471 1301 1701 1354 calcarique
1733 1303 1857 1349 etiam

227 1390 252 1415 a
293 1375 452 1414 seminis
494 1380 650 1426 posset.
713 1373 792 1412 huc
836 1374 988 1412 deinde
1031 1386 1202 1412 omnem
1241 1372 1448 1412 transtulit
1480 1372 1576 1412 belli
1608 1372 1858 1424 adparatum

228 1452 270 1485 et
300 1447 460 1485 tamdiu
493 1446 656 1484 adsedit
690 1445 816 1496 operi,
851 1445 988 1483 donec
1010 1453 1037 1483 C
1067 1450 1107 1484 et
1130 1453 1257 1483 LXXX
1280 1443 1472 1483 cuniculis
1495 1444 1670 1483 diuisum
1693 1443 1858 1484 alueum

226 1519 266 1556 in
298 1525 384 1555 CCC
428 1523 470 1555 et
503 1525 560 1555 LX
601 1517 712 1555 rivos
744 1515 1004 1567 dispergeret
1036 1521 1077 1554 et
1110 1515 1263 1554 siccum
1297 1515 1545 1567 relinqueret
1576 1515 1616 1553 in
1650 1516 1859 1555 diuersum

173 1600 187 1620 '-
227 1587 447 1627 fluentibus
480 1588 608 1639 aquis.
671 1587 790 1637 periit
822 1586 974 1638 itaque·
994 1592 1035 1625 et
1067 1592 1246 1637 tempus,
1280 1599 1435 1638 magna
1467 1588 1506 1625 in
1541 1587 1703 1637 magnis
1735 1586 1860 1626 rebus

225 1660 392 1707 iactura,
426 1665 468 1697 et
501 1657 675 1697 militum
709 1658 846 1706 ardor,
879 1671 1004 1710 quem
1037 1657 1186 1697 inutilis
1219 1656 1338 1697 labor
1367 1657 1500 1709 fregit,
1534 1663 1575 1696 et
1598 1660 1762 1697 occasio
1785 1659 1858 1697 ad-

225 1730 442 1782 grediendi
483 1731 712 1780 inparatos,
758 1730 858 1768 dum
898 1728 963 1768 ille
997 1728 1151 1768 bellum
1184 1729 1383 1768 indictum
1418 1728 1529 1768 hosti
1563 1742 1657 1768 cum
1691 1728 1862 1768 flumine

225 1803 341 1853 gerit.
395 1800 460 1840 hic
491 1800 614 1848 furor,
647 1801 745 1852 quid
775 1802 884 1839 enim
908 1800 1017 1839 aliud
1041 1802 1194 1839 uoces?
1237 1800 1459 1839 Romanos
1481 1813 1651 1852 quoque
1673 1802 1859 1851 contigit.

226 1871 270 1912 C.
303 1874 413 1911 enim
447 1870 603 1911 Caesar
635 1870 774 1910 uillam
807 1873 846 1910 in
879 1871 1181 1910 Herculanensi
1213 1871 1556 1923 pulcherrimam,
1598 1871 1694 1923 quia
1726 1879 1861 1911 mater

190 1953 202 1974 ⁷²
223 1957 297 1983 sua
333 1943 558 1996 aliquando
601 1944 639 1982 in
682 1942 749 1982 illa
781 1943 990 1982 custodita
1023 1949 1132 1990 erat,
1177 1943 1298 1981 diruit
1338 1941 1518 1995 fecitque
1550 1944 1635 1981 eius
1666 1956 1741 1994 per
1779 1944 1861 1982 hoc

222 2014 454 2054 notabilem
488 2013 710 2052 fortunam.
772 2019 954 2052 stantem
987 2015 1096 2052 enim
1131 2014 1553 2064 praenauigabamus,
1595 2027 1704 2052 nunc
1735 2027 1860 2053 causa

222 2087 384 2125 dirutae
415 2086 636 2137 quaeritur.

333 2155 465 2194 XXII.
490 2155 545 2195 Et
567 2156 672 2196 haec
694 2157 921 2208 cogitanda
942 2162 1038 2196 sunt
1054 2155 1263 2208 exempla,
1287 2169 1394 2208 quae
1416 2158 1532 2204 uites,
1555 2162 1597 2195 et
1619 2156 1782 2196 illorum
1806 2170 1861 2196 ex

223 2228 446 2274 contrario,
478 2241 585 2279 quae
607 2229 802 2280 sequariS,
836 2229 1068 2275 moderata,
1102 2227 1219 2276 lenia,
1251 2228 1400 2280 quibus
1422 2241 1500 2267 nec
1521 2228 1575 2266 ad
1598 2229 1860 2267 irascendum

224 2312 348 2338 causa
390 2297 519 2338 defuit
552 2312 629 2339 nec
661 2299 713 2339 ad
747 2298 1029 2338 ulciscendum
1062 2305 1264 2351 potestas.
1327 2299 1427 2351 quid
1460 2300 1569 2338 enim
1602 2298 1756 2339 facilius
1789 2299 1862 2340 fuit

222 2369 444 2420 Antigono
487 2384 613 2422 quam
658 2371 765 2410 duos
811 2370 1089 2424 manipulares
1132 2371 1227 2411 duci
1267 2370 1429 2418 iubere,
1471 2371 1540 2422 qui
1571 2371 1862 2411 incumbentes

230 2548 236 2580 l
269 2549 392 2579 herbae
427 2547 521 2582 dell:
560 2534 693 2580 herbas<-
815 2548 999 2579 defecerunt
1029 2546 1155 2581 Gerlz:
1187 2547 1371 2579 defecerant
1508 2546 1526 2579 li
1554 2547 1599 2578 illi
1627 2558 1701 2578 aues
1728 2545 1858 2593 uulsso:

222 2619 284 2650 illis
311 2630 387 2651 oues
549 2619 568 2650 f)
588 2621 736 2660 sensuri-ie
885 2620 920 2652 ll
954 2619 1106 2661 Gyndem
1134 2618 1203 2652 EQ
1233 2630 1353 2660 gygem
1504 2617 1545 2651 ’17
1573 2619 1635 2649 hue
1662 2617 1766 2653 deth:
1796 2620 1860 2651 hoc

372 2685 564 2721 apparatum
733 2678 771 2711 18
806 2680 925 2710 assedit
1081 2679 1116 2711 2]
1160 2679 1374 2719 aggrediendi
1411 2677 1530 2723 (prior
1555 2689 1577 2719 g
1603 2678 1715 2720 corr.)

317 2734 334 2750 U

221 2764 266 2796 222
293 2763 422 2804 flamine
535 2761 577 2794 2¹}
607 2752 647 2796 C.
767 2762 811 2794 Βῆ
839 2763 892 2793 illa
920 2763 952 2803 (a
979 2761 1014 2794 in
1041 2762 1130 2797 ras.)
1158 2773 1194 2792 ex
1222 2759 1300 2794 cod.
1329 2761 1456 2792 illorum
1484 2772 1521 2792 ex
1548 2759 1659 2802 Koch,
1686 2759 1854 2804 quoniam

221 2822 336 2863 quibus:
370 2821 420 2854 ad
444 2819 613 2865 ι’(εωηρία
648 2821 787 2864 referri
818 2821 960 2864 nequit:
998 2820 1045 2864 cll
1074 2820 1118 2854 (Ιν
1146 2824 1264 2864 [rmus.
1291 2819 1403 2853 (enimi
1426 2822 1457 2859 2,
1490 2822 1500 2851 1
1541 2831 1598 2851 nec
1634 2820 1689 2850 ulli
1726 2820 1858 2861 propina

222 2882 422 2911 :ulnmucrim
452 2882 601 2921 exemplo
629 2893 727 2921 quain
755 2892 865 2912 corum

1889 2303 1908 2337 ‘Q
