1977 3231
384 196 487 224 DIAL.
508 195 545 223 X.
585 197 638 222 AD
661 196 863 223 PAVLINVM
886 196 939 222 DE
960 197 1182 223 BREVITATE
1201 196 1330 225 VITAE.
1362 199 1387 224 2.
1409 198 1434 224 3.
1634 199 1716 241 223

99 299 238 332 torum
282 292 518 345 eloquentia
561 293 772 332 cotidiano
815 293 1054 332 ostentandi
1096 294 1246 345 ingenii
1289 294 1430 333 studio
1471 296 1716 346 sanguinem

99 363 264 402 educit?
307 375 434 415 quam
477 362 595 402 multi
637 363 839 402 continuis
878 362 1163 414 uoluptatibus
1194 363 1376 415 pallent?
1419 377 1545 415 quam
1579 365 1717 404 multis

98 431 198 472 nihil
229 431 344 472 liberi
376 432 568 485 relinquit
600 432 868 472 circumfusus
900 431 1106 471 clientium
1135 433 1340 485 populus?
1374 434 1508 473 omnis
1530 435 1717 487 denique

98 503 199 542 istos
231 503 284 542 ab
317 502 466 542 infimis
499 517 629 555 usque
661 504 714 543 ad
748 516 938 542 summos
959 516 1150 554 pererra:
1187 503 1252 542 hic
1274 505 1465 551 aduocat,
1498 504 1563 544 hic
1585 506 1714 545 adest.

97 572 162 612 ille
183 572 447 625 periclitatur,
469 573 536 612 ille
559 573 756 621 defendit,
778 573 843 612 ille
866 573 1015 612 iudicat
1069 586 1195 612 nemo
1218 587 1262 613 se
1284 574 1359 612 sibi
1383 575 1572 614 uindicat.
1616 576 1715 615 alius
1736 588 1750 610 5

96 644 135 682 in
158 643 282 682 alium
304 645 569 683 consumitur.
618 646 830 695 interroga
851 644 904 682 de
926 643 1022 690 istis,
1056 657 1234 695 quorum
1257 645 1426 683 nomina
1449 646 1710 686 ediscuntur:

96 712 157 752 his
179 712 270 752 illos
292 714 480 765 dignosci
503 714 663 753 uidebis
685 715 819 753 notis:
855 712 921 752 ille
952 713 1054 752 illius
1086 713 1220 753 cultor
1252 720 1327 761 est,
1359 714 1425 754 hic
1457 714 1571 754 illius.
1618 730 1715 756 suus

96 796 222 822 nemo
255 790 329 824 est.
366 785 525 824 deinde
547 785 862 823 dementissima
884 784 1146 835 quorundam
1169 783 1399 836 indignatio
1422 792 1493 825 est.
1537 800 1713 839 querun-

95 858 162 892 tur
192 853 246 892 de
277 855 535 906 superiorum
568 853 753 902 fastidio,
786 854 901 906 quod
933 855 1032 905 ipsis
1063 854 1178 893 adire
1210 854 1446 894 uolentibus
1478 869 1562 895 non
1595 871 1713 896 uaca-

95 924 254 964 uerint:
299 925 427 964 audet
469 925 687 976 quisquam
729 925 783 964 de
814 923 980 963 alterius
1012 924 1206 976 superbia
1237 926 1373 977 queri,
1416 927 1485 978 qui
1516 927 1594 967 sibi
1626 929 1714 979 ipse

93 1007 321 1046 numquam
363 997 510 1034 uacat?
560 993 625 1034 ille
667 1000 809 1034 tamen
850 1000 913 1041 te,
956 995 1140 1046 quisquis
1182 1000 1266 1043 est,
1313 994 1504 1035 insolenti
1546 996 1713 1049 quidem

94 1063 222 1112 uoltu,
254 1065 329 1103 sed
361 1064 584 1116 aliquando
617 1065 813 1116 respexit.
856 1063 921 1102 ille
953 1077 1072 1103 aures
1103 1078 1198 1104 suas
1220 1066 1279 1118 ad·
1296 1071 1366 1104 tua
1389 1066 1517 1105 uerba
1538 1067 1714 1106 demisit.

92 1133 159 1173 ille
190 1140 233 1174 te
265 1136 318 1174 ad
351 1134 458 1175 latus
489 1149 608 1174 suum
641 1136 822 1186 recepit:
869 1140 913 1174 tu
946 1147 1029 1173 non
1063 1135 1262 1186 inspicere
1294 1142 1337 1175 te
1370 1150 1587 1188 umquam,
1629 1122 1713 1176 non

92 1205 235 1244 audire
278 1206 472 1257 dignatus
515 1218 568 1246 eS.
632 1219 715 1244 non
759 1211 822 1244 est
863 1206 1022 1257 itaque,
1068 1207 1183 1257 quod
1224 1207 1304 1246 ista
1346 1205 1481 1245 officia
1523 1207 1711 1259 cuiquam

91 1276 275 1327 inputes,
317 1277 513 1327 quoniam
557 1276 748 1328 quidem,
791 1289 884 1314 cum
926 1275 993 1314 illa
1034 1274 1213 1324 faceres,
1256 1290 1340 1316 non
1382 1290 1474 1315 esse
1506 1291 1599 1316 cum
1631 1277 1712 1316 alio
1751 1289 1765 1311 ῑ»

93 1345 276 1393 uolebas,
309 1347 383 1385 sed
416 1353 555 1386 tecum
588 1360 680 1386 esse
711 1360 795 1385 non
827 1352 1008 1398 poteras.

208 1415 275 1456 III.
340 1415 494 1456 Omnia
535 1417 651 1466 licet,
693 1429 800 1469 quae
842 1430 1039 1468 umquam
1083 1418 1247 1468 ingenia
1290 1416 1508 1465 fulserunt,
1550 1420 1589 1457 in
1631 1418 1712 1457 hoc

90 1500 216 1525 unum
249 1488 530 1535 consentiant,
569 1500 797 1539 numquam
830 1488 930 1526 satis
962 1486 1069 1525 hanc
1100 1486 1375 1527 humanarum
1410 1490 1610 1528 mentium
1644 1502 1709 1528 ca-

90 1556 258 1609 liginem
291 1557 573 1598 mirabuntur:
618 1557 788 1610 praedia
819 1571 890 1597 sua
923 1559 1117 1609 occupari
1149 1571 1174 1597 a
1205 1557 1316 1597 nullo
1349 1560 1562 1611 patiuntur
1593 1565 1646 1607 et,
1679 1560 1710 1598 si

90 1629 244 1679 exigua
286 1629 500 1668 contentio
544 1634 608 1668 est
649 1629 703 1668 de
745 1629 876 1667 modo
919 1627 1082 1675 finium,
1124 1629 1177 1667 ad
1216 1627 1374 1681 lapides
1407 1635 1448 1668 et
1481 1643 1597 1669 arma
1629 1630 1708 1669 dis-

89 1704 280 1738 currunt:
326 1698 366 1736 in
410 1700 537 1738 uitam
581 1712 698 1738 suam
741 1698 932 1738 incedere
974 1698 1074 1738 alios
1117 1700 1275 1745 sinunt,
1320 1700 1450 1738 immo
1494 1713 1593 1738 uero
1634 1701 1710 1752 ipsi

90 1770 216 1808 etiam
268 1781 532 1820 possessores
585 1771 670 1809 eius
723 1768 881 1808 futuros
923 1770 1133 1808 inducunt.
1197 1782 1322 1808 nemo
1364 1771 1589 1818 inuenitur,
1641 1772 1710 1823 qui

88 1840 307 1891 pecuniam
350 1853 468 1879 suam
511 1841 698 1879 diuidere
741 1839 861 1879 uelit:
909 1841 1036 1879 uitam
1080 1841 1359 1892 unusquisque
1401 1853 1526 1892 quam
1571 1840 1709 1880 multis

89 1910 323 1950 distribuit?
376 1911 562 1950 adstricti
612 1917 708 1950 sunt
760 1911 799 1949 in
852 1911 1106 1950 continendo
1158 1911 1436 1963 patrimonio:
1494 1911 1613 1971 simul
1657 1911 1708 1950 ad

88 1981 290 2020 iacturam
323 1983 526 2032 temporis
559 1987 730 2021 uentum
764 1987 839 2029 est,
870 1980 1140 2033 profusissimi
1173 1981 1212 2020 in
1245 1994 1308 2028 eo,
1342 1981 1454 2020 cuius
1487 1982 1602 2020 unius
1634 1981 1707 2020 ho-
1748 2001 1762 2015 a

87 2057 208 2090 nesta
239 2051 410 2090 auaritia
442 2058 516 2092 est.
578 2051 680 2092 libet
711 2053 852 2103 itaque
884 2064 938 2090 ex
970 2053 1179 2090 seniorum
1212 2051 1335 2091 turba
1366 2051 1708 2103 conprehendere

87 2120 292 2173 aliquem:
349 2122 586 2174 peruenisse
628 2127 670 2161 te
712 2123 766 2161 ad
808 2121 999 2161 ultimum
1043 2121 1265 2160 terminum
1309 2123 1456 2161 aetatis
1501 2122 1708 2162 humanae

88 2191 291 2231 uidemus.
354 2193 603 2232 centesimus
635 2192 709 2231 tibi
741 2191 806 2231 uel
838 2205 963 2244 supra
993 2192 1195 2244 premitur
1225 2205 1381 2231 annus:
1417 2194 1621 2243 agedum,
1654 2194 1707 2232 ad

88 2367 102 2398 1
125 2367 307 2408 eloquentia
319 2378 338 2398 ar.
460 2368 625 2398 cotidiano
636 2378 656 2397 ÷÷:·
776 2368 882 2398 studio
901 2366 1065 2412 Lipsius:
1094 2368 1200 2409 spatio
1297 2367 1318 2400 4
1337 2379 1466 2409 pererra
1485 2367 1566 2401 olim
1589 2378 1682 2402 corr.
1699 2381 1705 2399 t

86 2430 205 2466 perrat.
328 2425 347 2457 5
383 2426 462 2456 alius
489 2424 706 2459 deleriores:
742 2427 816 2457 aliut
845 2428 867 2467 (t
894 2425 927 2459 z'n
955 2427 974 2457 (1
1002 2428 1112 2468 corr.)
1235 2426 1255 2459 6
1290 2427 1485 2458 consumitur
1511 2426 1601 2466 cod„
1628 2427 1707 2461 item

87 2482 197 2527 Neap.
225 2485 443 2515 consumimur
468 2482 615 2518 Fickert
641 2488 674 2518 et
700 2483 823 2518 Haase
848 2489 885 2518 ut
911 2495 961 2518 ex
987 2483 1109 2518 codice
1134 2494 1213 2517 cum
1243 2483 1382 2519 Murelo
1527 2485 1545 2519 ’ἶ
1582 2486 1708 2517 dinosci

207 2542 241 2574 11
281 2545 410 2584 nunqua}
444 2575 446 2577 ,
557 2542 598 2576 12
633 2544 719 2575 uultu
869 2543 907 2576 14
934 2545 1081 2585 cuiquam
1110 2542 1239 2588 uulqo:
1268 2545 1358 2585 qquzi
1503 2544 1545 2577 15
1573 2545 1708 2586 imputes

202 2605 244 2633 cu
272 2601 336 2632 alio
364 2601 414 2643 (in
439 2601 527 2645 νας.)
555 2601 646 2642 cod„
671 2601 752 2635 item
782 2601 1005 2639 Gronom'ns;
1035 2614 1106 2634 cum
1134 2603 1242 2644 aliquo
1271 2601 1378 2647 uulqo
1524 2602 1567 2636 17
1601 2605 1709 2644 unqua}

201 2683 328 2714 inhoc*
452 2682 493 2718 18
518 2687 649 2726 nunqufi
769 2661 940 2721 humanan.
1067 2685 1104 2717 li)
1132 2685 1244 2726 predia
1365 2684 1404 2717 21
1436 2685 1585 2716 incedere
1611 2684 1707 2727 (ante

677 2750 689 2766 s

84 2787 105 2817 d
132 2785 271 2830 aliquid
294 2788 451 2829 erasum)
573 2788 618 2822 24
645 2778 790 2831 adstricti
910 2789 954 2822 26
982 2790 1214 2830 eomPrendere
1334 2788 1377 2823 27
1404 2789 1445 2820 ad
1473 2790 1618 2821 ultimum
1646 2794 1705 2820 ter-

83 2846 204 2876 minum
232 2846 346 2877 aetatis
372 2844 471 2880 Koch
499 2846 609 2891 (consi
630 2846 674 2882 de
692 2848 762 2881 otio
781 2850 814 2886 5,
833 2849 850 2878 7
877 2847 951 2878 licet
969 2872 976 2880 .
997 2873 1003 2879 .
1024 2873 1031 2880 .
1052 2859 1148 2888 usque
1175 2849 1205 2878 in
1233 2848 1379 2878 ultimum
1407 2849 1519 2879 aetatis
1545 2849 1706 2878 humanae

83 2904 252 2934 terminum
280 2905 470 2946 procedat):
501 2906 543 2936 ad
567 2906 713 2937 ultimum
741 2907 854 2937 aetatis

1739 936 1767 960 10

1730 1640 1763 1662 20
