2008 3221
249 141 374 166 XXXIV
784 138 837 162 DE
858 137 1007 162 CODICE
1026 135 1344 164 MEDIOLANENSI.

249 244 469 277 tractarem
514 236 683 286 egregia
725 247 870 273 eorum
914 232 982 283 qui
1025 232 1148 271 rebus
1180 231 1437 271 scholasticis
1469 234 1621 272 nostris
1654 239 1696 272 et
1729 233 1874 272 biblio-

249 308 395 348 thecae
438 307 574 357 regiae
616 310 812 356 praesunt
855 302 1078 342 liberalitas
1121 303 1324 341 concessit
1367 315 1501 353 neque
1540 302 1646 342 hanc
1678 309 1874 343 retracta-

249 381 405 417 tionem
440 389 608 427 prorsus
641 373 824 413 inutilem
858 372 980 412 fuisse
1014 373 1338 412 commentarius
1370 373 1550 412 docebit.
1614 372 1701 413 Sed
1735 380 1777 411 ut
1811 373 1877 412 hic

248 460 414 500 quoque
457 445 589 483 moles
622 443 885 483 Fickertiana
926 443 1253 490 deminueretur,
1295 449 1459 495 praeter
1502 443 1777 482 Berolinensis
1819 442 1874 482 le-

248 519 406 557 ctiones
449 516 547 554 satis
588 514 713 553 habui
752 514 944 552 codicum
979 513 1019 552 D
1052 519 1094 553 et
1132 513 1168 552 E
1201 515 1447 553 uarietatem
1480 513 1738 560 adscribere,
1781 527 1875 553 cum

248 595 470 638 utrumque
503 585 691 624 codicem
722 598 798 636 pro
822 583 1024 636 temporis
1046 583 1251 623 breuitate
1275 583 1501 623 Mediolani
1525 584 1876 635 recognouissem.

250 658 458 697 Pertinent
501 662 640 695 autem
674 654 714 694 hi
763 655 929 694 codices
972 654 1225 693 bibliotheca
1268 654 1552 694 Ambrosiana
1593 655 1667 706 ipsi
1708 669 1877 707 quoque

248 728 454 767 adseruati
486 727 589 765 alter
621 727 674 765 ad
708 739 812 764 saec,
847 725 963 764 XIV.
997 731 1158 777 partem
1203 726 1406 778 priorem,
1449 725 1553 765 alter
1594 726 1647 764 ad
1690 726 1876 765 eiusdem

247 797 395 837 saeculi
438 803 601 850 partem
645 797 932 848 posteriorem.
1016 795 1214 847 Superior
1266 795 1331 835 ille
1376 797 1413 835 D
1458 803 1521 836 est
1576 795 1735 835 formae
1777 810 1874 848 qua-

249 870 394 909 dratae
427 868 595 907 minoris
628 874 668 906 et
703 868 888 906 continet
916 863 1106 906 ‘Seneca
1140 868 1192 906 de
1224 868 1507 918 prouidentia,
1541 868 1593 906 de
1626 866 1752 907 beata
1784 867 1878 914 uita,

250 941 301 979 de
344 938 659 990 tranquillitate,
704 938 757 976 de
798 937 1004 977 breuitate
1047 938 1179 985 uitae,
1228 937 1280 977 de
1322 938 1399 984 ira,
1443 939 1496 977 de
1541 938 1771 985 beneficiis,
1825 939 1878 977 de

248 1011 477 1056 clementia,
511 1009 563 1047 de
586 1008 783 1055 moribus,
819 1009 871 1047 de
893 1014 1151 1060 paupertate,
1186 1010 1238 1048 de
1271 1010 1463 1048 remediis
1486 1008 1769 1056 fortuitorum,
1803 1023 1876 1048 ex-

249 1089 390 1133 cerpta
423 1094 475 1119 cx
517 1080 763 1131 tragoediis,
795 1079 1019 1131 prouerbia
1050 1078 1258 1126 Senecae,
1293 1081 1346 1118 de
1379 1076 1621 1119 uirtutibus?
1688 1079 1811 1118 Alter
1842 1079 1878 1118 E

250 1159 312 1192 est
344 1151 504 1190 formae
537 1150 618 1189 folii
653 1150 831 1190 maioris.
893 1150 1036 1189 Insunt
1069 1150 1281 1202 epistulae,
1316 1151 1369 1189 de
1402 1150 1632 1197 clementia,
1665 1151 1717 1190 de
1749 1149 1876 1189 bene-

248 1223 367 1269 ficiis,
412 1224 465 1261 de
503 1222 785 1274 prouidentia,
830 1222 883 1260 de
915 1221 1041 1261 beata
1073 1222 1178 1269 uita,
1223 1222 1275 1260 de
1308 1221 1602 1273 tranquillitate
1634 1222 1879 1265 animorum,

249 1295 301 1333 de
333 1294 538 1333 breuitate
571 1294 695 1340 uitae,
731 1294 783 1332 de
807 1293 875 1340 ira,
909 1293 962 1332 de
994 1292 1300 1340 consolatione,
1334 1294 1387 1332 de
1418 1298 1616 1344 quattuor
1648 1292 1880 1339 uirtutibus,

250 1366 302 1404 dc
335 1365 528 1403 remediis
561 1364 849 1411 fortuitorum,
895 1365 948 1402 de
982 1363 1267 1403 consolatione
1301 1365 1354 1402 ad
1388 1363 1603 1411 Heluiam,
1646 1363 1877 1417 prouerbia.

250 1435 502 1475 Berolinensi
536 1436 717 1486 superari
752 1440 975 1486 utrumque
1007 1440 1184 1481 constat,
1218 1441 1310 1474 uter
1343 1440 1479 1473 utrum
1503 1440 1682 1486 superet,
1716 1433 1878 1473 difficile

250 1507 372 1553 dictu,
406 1506 480 1544 nisi
512 1506 627 1557 quod
662 1505 696 1543 E
731 1505 862 1557 magis
896 1518 1069 1557 operam
1103 1506 1386 1553 amanuensiS,
1429 1505 1469 1543 D
1503 1518 1671 1544 manum
1707 1505 1877 1544 doctam

249 1583 543 1628 repraesentat.
607 1577 722 1628 Ipsas
756 1576 955 1615 lectiones
995 1589 1089 1618 cum
1123 1576 1211 1616 Itali
1244 1577 1342 1615 satis
1375 1582 1565 1615 accurate
1597 1576 1878 1622 indicauerint,

249 1654 388 1686 tamen
421 1647 482 1686 uel
528 1647 581 1686 illi
619 1647 683 1686 uel
722 1648 838 1699 quod
881 1647 1138 1699 probabilius
1182 1653 1244 1686 est
1297 1647 1461 1686 Fickert
1503 1646 1668 1698 reliquis
1709 1646 1880 1698 piaculis

247 1732 354 1770 quae
397 1720 694 1757 commiserunt
749 1732 800 1757 ne
843 1718 924 1757 hoc
967 1732 1123 1757 nouum
1166 1719 1336 1770 quidem
1382 1719 1538 1756 addere
1571 1717 1878 1756 dubitauerunt.

250 1788 355 1828 Cum
389 1790 496 1828 enim
532 1789 698 1828 Fickert
731 1789 880 1828 eadem
915 1771 1214 1840 significatione
1247 1802 1329 1840 qua
1364 1789 1451 1841 ipse
1474 1794 1597 1827 antea
1619 1802 1715 1826 usus
1739 1788 1876 1826 rectis-

249 1861 352 1898 sime
385 1867 424 1899 et
457 1861 510 1898 ad
544 1874 687 1899 uerum
722 1860 889 1899 codices
929 1860 1225 1912 descripsisset,
1259 1860 1297 1898 in
1330 1859 1604 1899 adnotatione
1633 1872 1780 1897 omnes
1809 1871 1877 1897 co-

249 1931 348 1969 dicis
382 1930 416 1968 13
450 1931 647 1969 lectiones
680 1931 850 1970 nomine
883 1930 939 1975 D,
974 1944 1121 1970 omnes
1154 1944 1260 1982 quae
1293 1930 1344 1969 ad
1379 1930 1417 1969 D
1450 1930 1676 1982 pertinent,
1709 1930 1878 1968 nomine

251 2001 287 2040 E
320 2001 532 2052 significat,
598 2001 715 2040 Haec
747 2001 969 2040 transferre
1002 2001 1148 2041 editori
1181 2000 1454 2054 appendicula
1488 2007 1575 2040 erat
1607 2000 1786 2048 laboris3
1821 1999 1876 2039 le-

250 2073 445 2124 gentibus
488 2079 531 2111 ut
573 2073 611 2110 in
650 2078 844 2111 extremo
885 2072 1002 2111 huius
1035 2073 1402 2124 commentationis
1435 2071 1548 2124 quod
1583 2070 1753 2111 offertur
1785 2071 1877 2110 ridi-

251 2142 381 2182 culum
425 2149 588 2193 gratum
633 2150 801 2182 moueat
846 2144 970 2182 risum
1015 2151 1056 2183 et
1098 2157 1176 2195 pro
1219 2143 1334 2182 bono
1378 2142 1517 2181 omine
1559 2142 1781 2193 accipiatur
1825 2143 1878 2180 ad

250 2214 384 2265 ipsum
419 2227 524 2265 opus
557 2215 832 2261 tractandum,
868 2215 990 2253 etiam
1025 2220 1152 2266 atque
1184 2214 1303 2253 etiam
1338 2219 1454 2266 opto.
