<?xml version="1.0" encoding="UTF-8"?>
<!DOCTYPE html PUBLIC "-//W3C//DTD XHTML 1.0 Transitional//EN"
    "http://www.w3.org/TR/xhtml1/DTD/xhtml1-transitional.dtd">
<html xmlns="http://www.w3.org/1999/xhtml" xml:lang="en" lang="en">
 <head>
  <title>
</title>
<meta http-equiv="Content-Type" content="text/html;charset=utf-8" />
  <meta name='ocr-system' content='tesseract 3.04.00' />
  <meta name='ocr-capabilities' content='ocr_page ocr_carea ocr_par ocr_line ocrx_word'/>
</head>
<body>
  <div class='ocr_page' id='page_1' title='image "./dialogorumlibrid00seneuoft_0121.png"; bbox 0 0 1977 3231; ppageno 0'>
   <div class='ocr_carea' id='block_1_1' title="bbox 19 1868 37 1897">
    <p class='ocr_par' dir='ltr' id='par_1_1' title="bbox 19 1868 37 1897">
     <span class='ocr_line' id='line_1_1' title="bbox 19 1868 37 1897; textangle 90"><span class='ocrx_word' id='word_1_1' title='bbox 19 1868 37 1897; x_wconf 58' lang='lat'>1:</span> 
     </span>
    </p>
   </div>
   <div class='ocr_carea' id='block_1_2' title="bbox 579 160 1717 217">
    <p class='ocr_par' dir='ltr' id='par_1_2' title="bbox 579 160 1717 217">
     <span class='ocr_line' id='line_1_2' title="bbox 579 160 1717 217; baseline 0.013 -32"><span class='ocrx_word' id='word_1_2' title='bbox 579 160 681 188; x_wconf 81' lang='lat' dir='ltr'>DIAL.</span> <span class='ocrx_word' id='word_1_3' title='bbox 706 162 752 190; x_wconf 68' lang='lat' dir='ltr'>IV.</span> <span class='ocrx_word' id='word_1_4' title='bbox 792 163 846 188; x_wconf 90' lang='lat' dir='ltr'>DE</span> <span class='ocrx_word' id='word_1_5' title='bbox 866 164 933 189; x_wconf 85' lang='lat' dir='ltr'>IRA</span> <span class='ocrx_word' id='word_1_6' title='bbox 956 165 1026 192; x_wconf 84' lang='lat' dir='ltr'>LIB.</span> <span class='ocrx_word' id='word_1_7' title='bbox 1050 166 1086 193; x_wconf 87' lang='lat'>11.</span> <span class='ocrx_word' id='word_1_8' title='bbox 1126 170 1169 194; x_wconf 79' lang='lat'>35.</span> <span class='ocrx_word' id='word_1_9' title='bbox 1190 170 1234 194; x_wconf 74' lang='lat'>36.</span> <span class='ocrx_word' id='word_1_10' title='bbox 1666 178 1717 217; x_wconf 47' lang='lat'>53</span> 
     </span>
    </p>
   </div>
   <div class='ocr_carea' id='block_1_3' title="bbox 91 253 1719 533">
    <p class='ocr_par' dir='ltr' id='par_1_3' title="bbox 91 253 1719 533">
     <span class='ocr_line' id='line_1_3' title="bbox 94 253 1719 317; baseline 0.013 -28"><span class='ocrx_word' id='word_1_11' title='bbox 94 253 254 303; x_wconf 85' lang='lat' dir='ltr'>eruptio</span> <span class='ocrx_word' id='word_1_12' title='bbox 287 253 396 293; x_wconf 88' lang='lat' dir='ltr'>colla</span> <span class='ocrx_word' id='word_1_13' title='bbox 428 255 647 296; x_wconf 75' lang='lat' dir='ltr'><strong>distendet.</strong></span> <span class='ocrx_word' id='word_1_14' title='bbox 710 265 800 298; x_wconf 91' lang='lat' dir='ltr'>tum</span> <span class='ocrx_word' id='word_1_15' title='bbox 833 267 945 300; x_wconf 90' lang='lat' dir='ltr'>artus</span> <span class='ocrx_word' id='word_1_16' title='bbox 977 263 1138 314; x_wconf 83' lang='lat' dir='ltr'>trepidi,</span> <span class='ocrx_word' id='word_1_17' title='bbox 1172 264 1378 317; x_wconf 78' lang='lat' dir='ltr'>inquietae</span> <span class='ocrx_word' id='word_1_18' title='bbox 1404 281 1560 316; x_wconf 87' lang='lat' dir='ltr'>manus,</span> <span class='ocrx_word' id='word_1_19' title='bbox 1593 271 1719 310; x_wconf 84' lang='lat' dir='ltr'>totius</span> 
     </span>
     <span class='ocr_line' id='line_1_4' title="bbox 93 323 1719 385; baseline 0.014 -26"><span class='ocrx_word' id='word_1_20' title='bbox 93 323 277 374; x_wconf 88' lang='lat' dir='ltr'>corporis</span> <span class='ocrx_word' id='word_1_21' title='bbox 310 323 532 364; x_wconf 85' lang='lat' dir='ltr'>fluctuatio.</span> <span class='ocrx_word' id='word_1_22' title='bbox 596 331 760 378; x_wconf 86' lang='lat' dir='ltr'>qualem</span> <span class='ocrx_word' id='word_1_23' title='bbox 793 330 901 370; x_wconf 89' lang='lat' dir='ltr'>intus</span> <span class='ocrx_word' id='word_1_24' title='bbox 933 339 1055 384; x_wconf 90' lang='lat' dir='ltr'>putas</span> <span class='ocrx_word' id='word_1_25' title='bbox 1088 347 1178 373; x_wconf 88' lang='lat' dir='ltr'>esse</span> <span class='ocrx_word' id='word_1_26' title='bbox 1210 337 1406 385; x_wconf 88' lang='lat' dir='ltr'>animum,</span> <span class='ocrx_word' id='word_1_27' title='bbox 1453 340 1564 379; x_wconf 90' lang='lat' dir='ltr'>cuius</span> <span class='ocrx_word' id='word_1_28' title='bbox 1597 348 1719 381; x_wconf 78' lang='lat' dir='ltr'>extra</span> 
     </span>
     <span class='ocr_line' id='line_1_5' title="bbox 91 391 1717 456; baseline 0.014 -27"><span class='ocrx_word' id='word_1_29' title='bbox 91 391 231 443; x_wconf 80' lang='lat' dir='ltr'>imago</span> <span class='ocrx_word' id='word_1_30' title='bbox 274 401 360 433; x_wconf 85' lang='lat' dir='ltr'>tam</span> <span class='ocrx_word' id='word_1_31' title='bbox 402 394 528 434; x_wconf 89' lang='lat' dir='ltr'>foeda</span> <span class='ocrx_word' id='word_1_32' title='bbox 570 400 659 436; x_wconf 78' lang='lat' dir='ltr'>est?</span> <span class='ocrx_word' id='word_1_33' title='bbox 714 407 871 450; x_wconf 89' lang='lat' dir='ltr'>quanto</span> <span class='ocrx_word' id='word_1_34' title='bbox 914 401 966 440; x_wconf 93' lang='lat' dir='ltr'>illi</span> <span class='ocrx_word' id='word_1_35' title='bbox 1005 403 1110 442; x_wconf 91' lang='lat' dir='ltr'>intra</span> <span class='ocrx_word' id='word_1_36' title='bbox 1142 412 1287 456; x_wconf 89' lang='lat' dir='ltr'>pectus</span> <span class='ocrx_word' id='word_1_37' title='bbox 1329 409 1548 449; x_wconf 82' lang='lat' dir='ltr'>terribilior</span> <span class='ocrx_word' id='word_1_38' title='bbox 1580 411 1717 451; x_wconf 89' lang='lat' dir='ltr'>uoltus</span> 
     </span>
     <span class='ocr_line' id='line_1_6' title="bbox 91 464 1715 533; baseline 0.014 -33"><span class='ocrx_word' id='word_1_39' title='bbox 91 468 163 509; x_wconf 84' lang='lat' dir='ltr'>est,</span> <span class='ocrx_word' id='word_1_40' title='bbox 206 464 339 503; x_wconf 90' lang='lat' dir='ltr'>acrior</span> <span class='ocrx_word' id='word_1_41' title='bbox 379 466 559 518; x_wconf 88' lang='lat' dir='ltr'>spiritus,</span> <span class='ocrx_word' id='word_1_42' title='bbox 602 468 798 509; x_wconf 88' lang='lat' dir='ltr'>intentior</span> <span class='ocrx_word' id='word_1_43' title='bbox 839 471 1024 523; x_wconf 86' lang='lat' dir='ltr'>inpetus,</span> <span class='ocrx_word' id='word_1_44' title='bbox 1077 482 1269 526; x_wconf 85' lang='lat' dir='ltr'>rupturus</span> <span class='ocrx_word' id='word_1_45' title='bbox 1312 491 1356 516; x_wconf 90' lang='lat' dir='ltr'>se</span> <span class='ocrx_word' id='word_1_46' title='bbox 1396 480 1470 518; x_wconf 91' lang='lat' dir='ltr'>nisi</span> <span class='ocrx_word' id='word_1_47' title='bbox 1513 483 1715 533; x_wconf 78' lang='lat' dir='ltr'>eruperit?</span> 
     </span>
    </p>
   </div>
   <div class='ocr_carea' id='block_1_4' title="bbox 44 531 1769 592">
    <p class='ocr_par' dir='ltr' id='par_1_4' title="bbox 44 531 1769 592">
     <span class='ocr_line' id='line_1_7' title="bbox 44 531 1769 592; baseline 0.014 -23"><span class='ocrx_word' id='word_1_48' title='bbox 44 543 52 546; x_wconf 53' lang='lat'><em>⁷</em></span> <span class='ocrx_word' id='word_1_49' title='bbox 88 531 230 584; x_wconf 90' lang='lat' dir='ltr'>quales</span> <span class='ocrx_word' id='word_1_50' title='bbox 261 540 356 573; x_wconf 90' lang='lat' dir='ltr'>sunt</span> <span class='ocrx_word' id='word_1_51' title='bbox 388 534 572 576; x_wconf 89' lang='lat' dir='ltr'>hostium</span> <span class='ocrx_word' id='word_1_52' title='bbox 606 539 671 577; x_wconf 91' lang='lat' dir='ltr'>uel</span> <span class='ocrx_word' id='word_1_53' title='bbox 702 539 881 580; x_wconf 86' lang='lat' dir='ltr'>ferarum</span> <span class='ocrx_word' id='word_1_54' title='bbox 915 544 1044 582; x_wconf 91' lang='lat' dir='ltr'>caede</span> <span class='ocrx_word' id='word_1_55' title='bbox 1077 546 1337 586; x_wconf 79' lang='lat' dir='ltr'>madentium</span> <span class='ocrx_word' id='word_1_56' title='bbox 1362 557 1431 587; x_wconf 89' lang='lat' dir='ltr'>aut</span> <span class='ocrx_word' id='word_1_57' title='bbox 1454 552 1506 589; x_wconf 90' lang='lat' dir='ltr'>ad</span> <span class='ocrx_word' id='word_1_58' title='bbox 1540 553 1713 591; x_wconf 88' lang='lat' dir='ltr'>caedem</span> <span class='ocrx_word' id='word_1_59' title='bbox 1754 570 1769 592; x_wconf 64' lang='grc' dir='ltr'>τ,</span> 
     </span>
    </p>
   </div>
   <div class='ocr_carea' id='block_1_5' title="bbox 74 603 1765 1433">
    <p class='ocr_par' dir='ltr' id='par_1_5' title="bbox 74 603 1765 1433">
     <span class='ocr_line' id='line_1_8' title="bbox 88 603 1714 663; baseline 0.014 -23"><span class='ocrx_word' id='word_1_60' title='bbox 88 603 271 642; x_wconf 89' lang='lat' dir='ltr'>euntium</span> <span class='ocrx_word' id='word_1_61' title='bbox 304 606 547 658; x_wconf 88' lang='lat' dir='ltr'>adspectus,</span> <span class='ocrx_word' id='word_1_62' title='bbox 591 609 727 660; x_wconf 86' lang='lat' dir='ltr'>qualia</span> <span class='ocrx_word' id='word_1_63' title='bbox 774 618 928 663; x_wconf 90' lang='lat' dir='ltr'>poetae</span> <span class='ocrx_word' id='word_1_64' title='bbox 970 612 1126 654; x_wconf 89' lang='lat' dir='ltr'>inferna</span> <span class='ocrx_word' id='word_1_65' title='bbox 1158 623 1345 657; x_wconf 88' lang='lat' dir='ltr'>monstra</span> <span class='ocrx_word' id='word_1_66' title='bbox 1377 619 1587 660; x_wconf 80' lang='lat' dir='ltr'>finxerunt</span> <span class='ocrx_word' id='word_1_67' title='bbox 1619 623 1714 661; x_wconf 89' lang='lat' dir='ltr'>sub-</span> 
     </span>
     <span class='ocr_line' id='line_1_9' title="bbox 87 673 1711 736; baseline 0.013 -25"><span class='ocrx_word' id='word_1_68' title='bbox 87 673 219 712; x_wconf 78' lang='lat' dir='ltr'>cincta</span> <span class='ocrx_word' id='word_1_69' title='bbox 250 676 512 727; x_wconf 71' lang='lat' dir='ltr'>serpentibus</span> <span class='ocrx_word' id='word_1_70' title='bbox 556 686 597 718; x_wconf 92' lang='lat' dir='ltr'>et</span> <span class='ocrx_word' id='word_1_71' title='bbox 638 680 763 732; x_wconf 92' lang='lat' dir='ltr'>igneo</span> <span class='ocrx_word' id='word_1_72' title='bbox 795 681 916 730; x_wconf 85' lang='lat' dir='ltr'>flatu,</span> <span class='ocrx_word' id='word_1_73' title='bbox 961 684 1103 736; x_wconf 87' lang='lat' dir='ltr'>quales</span> <span class='ocrx_word' id='word_1_74' title='bbox 1135 687 1190 725; x_wconf 88' lang='lat' dir='ltr'>ad</span> <span class='ocrx_word' id='word_1_75' title='bbox 1232 687 1342 727; x_wconf 88' lang='lat' dir='ltr'>bella</span> <span class='ocrx_word' id='word_1_76' title='bbox 1375 691 1599 731; x_wconf 83' lang='lat' dir='ltr'>excitanda</span> <span class='ocrx_word' id='word_1_77' title='bbox 1632 694 1711 732; x_wconf 89' lang='lat' dir='ltr'>dis-</span> 
     </span>
     <span class='ocr_line' id='line_1_10' title="bbox 85 744 1710 808; baseline 0.014 -27"><span class='ocrx_word' id='word_1_78' title='bbox 85 744 354 797; x_wconf 89' lang='lat' dir='ltr'>cordiamque</span> <span class='ocrx_word' id='word_1_79' title='bbox 385 747 425 785; x_wconf 92' lang='lat' dir='ltr'>in</span> <span class='ocrx_word' id='word_1_80' title='bbox 456 749 636 801; x_wconf 90' lang='lat' dir='ltr'>populos</span> <span class='ocrx_word' id='word_1_81' title='bbox 669 751 936 792; x_wconf 89' lang='lat' dir='ltr'>diuidendam</span> <span class='ocrx_word' id='word_1_82' title='bbox 969 768 1201 808; x_wconf 85' lang='lat' dir='ltr'>pacemque</span> <span class='ocrx_word' id='word_1_83' title='bbox 1229 757 1494 799; x_wconf 76' lang='lat' dir='ltr'>lacerandam</span> <span class='ocrx_word' id='word_1_84' title='bbox 1527 765 1710 802; x_wconf 88' lang='lat' dir='ltr'>taeterri-</span> 
     </span>
     <span class='ocr_line' id='line_1_11' title="bbox 85 814 1712 877; baseline 0.014 -26"><span class='ocrx_word' id='word_1_85' title='bbox 85 827 179 852; x_wconf 86' lang='lat' dir='ltr'>mae</span> <span class='ocrx_word' id='word_1_86' title='bbox 211 814 383 855; x_wconf 89' lang='lat' dir='ltr'>inferum</span> <span class='ocrx_word' id='word_1_87' title='bbox 414 827 589 858; x_wconf 79' lang='lat' dir='ltr'>exeunt:</span> <span class='ocrx_word' id='word_1_88' title='bbox 626 821 751 860; x_wconf 87' lang='lat' dir='ltr'>talem</span> <span class='ocrx_word' id='word_1_89' title='bbox 792 823 913 862; x_wconf 88' lang='lat' dir='ltr'>nobis</span> <span class='ocrx_word' id='word_1_90' title='bbox 950 825 1051 863; x_wconf 91' lang='lat' dir='ltr'>iram</span> <span class='ocrx_word' id='word_1_91' title='bbox 1084 825 1320 877; x_wconf 84' lang='lat' dir='ltr'>figuremus,</span> <span class='ocrx_word' id='word_1_92' title='bbox 1354 829 1525 871; x_wconf 86' lang='lat' dir='ltr'>flamma</span> <span class='ocrx_word' id='word_1_93' title='bbox 1559 832 1712 873; x_wconf 84' lang='lat' dir='ltr'>lumina</span> 
     </span>
     <span class='ocr_line' id='line_1_12' title="bbox 83 886 1765 952; baseline 0.012 -30"><span class='ocrx_word' id='word_1_94' title='bbox 83 886 279 933; x_wconf 88' lang='lat' dir='ltr'>ardentia,</span> <span class='ocrx_word' id='word_1_95' title='bbox 302 887 422 926; x_wconf 90' lang='lat' dir='ltr'>sibilo</span> <span class='ocrx_word' id='word_1_96' title='bbox 446 890 689 943; x_wconf 83' lang='lat' dir='ltr'>mugituque</span> <span class='ocrx_word' id='word_1_97' title='bbox 712 900 753 931; x_wconf 93' lang='lat' dir='ltr'>et</span> <span class='ocrx_word' id='word_1_98' title='bbox 775 894 932 943; x_wconf 87' lang='lat' dir='ltr'>gemitu</span> <span class='ocrx_word' id='word_1_99' title='bbox 957 901 997 933; x_wconf 91' lang='lat' dir='ltr'>et</span> <span class='ocrx_word' id='word_1_100' title='bbox 1019 897 1198 936; x_wconf 82' lang='lat' dir='ltr'>stridore</span> <span class='ocrx_word' id='word_1_101' title='bbox 1221 905 1262 937; x_wconf 91' lang='lat' dir='ltr'>et</span> <span class='ocrx_word' id='word_1_102' title='bbox 1283 900 1315 938; x_wconf 88' lang='lat' dir='ltr'>si</span> <span class='ocrx_word' id='word_1_103' title='bbox 1338 914 1420 952; x_wconf 88' lang='lat' dir='ltr'>qua</span> <span class='ocrx_word' id='word_1_104' title='bbox 1451 901 1512 940; x_wconf 89' lang='lat' dir='ltr'>his</span> <span class='ocrx_word' id='word_1_105' title='bbox 1545 903 1710 943; x_wconf 88' lang='lat' dir='ltr'>inuisior</span> <span class='ocrx_word' id='word_1_106' title='bbox 1735 917 1765 942; x_wconf 77' lang='grc' dir='ltr'>ιο</span> 
     </span>
     <span class='ocr_line' id='line_1_13' title="bbox 83 961 1709 1027; baseline 0.014 -35"><span class='ocrx_word' id='word_1_107' title='bbox 83 967 167 992; x_wconf 83' lang='lat' dir='ltr'>uox</span> <span class='ocrx_word' id='word_1_108' title='bbox 212 961 274 994; x_wconf 89' lang='lat' dir='ltr'>est</span> <span class='ocrx_word' id='word_1_109' title='bbox 325 964 675 1011; x_wconf 82' lang='lat' dir='ltr'>perstrepentem,</span> <span class='ocrx_word' id='word_1_110' title='bbox 727 963 810 1002; x_wconf 90' lang='lat' dir='ltr'>tela</span> <span class='ocrx_word' id='word_1_111' title='bbox 863 978 987 1004; x_wconf 90' lang='lat' dir='ltr'>manu</span> <span class='ocrx_word' id='word_1_112' title='bbox 1031 973 1206 1019; x_wconf 88' lang='lat' dir='ltr'>utraque</span> <span class='ocrx_word' id='word_1_113' title='bbox 1247 971 1526 1021; x_wconf 78' lang='lat' dir='ltr'>quatientem,</span> <span class='ocrx_word' id='word_1_114' title='bbox 1575 987 1709 1027; x_wconf 85' lang='lat' dir='ltr'>neque</span> 
     </span>
     <span class='ocr_line' id='line_1_14' title="bbox 81 1024 1707 1092; baseline 0.014 -30"><span class='ocrx_word' id='word_1_115' title='bbox 81 1024 190 1063; x_wconf 92' lang='lat' dir='ltr'>enim</span> <span class='ocrx_word' id='word_1_116' title='bbox 221 1025 275 1064; x_wconf 89' lang='lat' dir='ltr'>illi</span> <span class='ocrx_word' id='word_1_117' title='bbox 307 1040 351 1065; x_wconf 91' lang='lat' dir='ltr'>se</span> <span class='ocrx_word' id='word_1_118' title='bbox 383 1034 526 1080; x_wconf 90' lang='lat' dir='ltr'>tegere</span> <span class='ocrx_word' id='word_1_119' title='bbox 559 1044 680 1071; x_wconf 87' lang='lat' dir='ltr'>curae</span> <span class='ocrx_word' id='word_1_120' title='bbox 713 1039 786 1081; x_wconf 91' lang='lat' dir='ltr'>est,</span> <span class='ocrx_word' id='word_1_121' title='bbox 819 1041 983 1075; x_wconf 89' lang='lat' dir='ltr'>toruam</span> <span class='ocrx_word' id='word_1_122' title='bbox 1018 1046 1316 1092; x_wconf 84' lang='lat' dir='ltr'>cruentamque</span> <span class='ocrx_word' id='word_1_123' title='bbox 1349 1051 1389 1080; x_wconf 85' lang='lat' dir='ltr'>et</span> <span class='ocrx_word' id='word_1_124' title='bbox 1422 1043 1707 1085; x_wconf 83' lang='lat' dir='ltr'>cicatricosam</span> 
     </span>
     <span class='ocr_line' id='line_1_15' title="bbox 79 1096 1706 1166; baseline 0.014 -33"><span class='ocrx_word' id='word_1_125' title='bbox 79 1100 121 1134; x_wconf 93' lang='lat' dir='ltr'>et</span> <span class='ocrx_word' id='word_1_126' title='bbox 152 1096 393 1137; x_wconf 90' lang='lat' dir='ltr'>uerberibus</span> <span class='ocrx_word' id='word_1_127' title='bbox 416 1100 498 1139; x_wconf 86' lang='lat' dir='ltr'>suis</span> <span class='ocrx_word' id='word_1_128' title='bbox 531 1100 710 1149; x_wconf 90' lang='lat' dir='ltr'>liuidam,</span> <span class='ocrx_word' id='word_1_129' title='bbox 742 1104 924 1144; x_wconf 90' lang='lat' dir='ltr'>incessus</span> <span class='ocrx_word' id='word_1_130' title='bbox 958 1108 1108 1155; x_wconf 88' lang='lat' dir='ltr'>uesani,</span> <span class='ocrx_word' id='word_1_131' title='bbox 1143 1109 1334 1150; x_wconf 88' lang='lat' dir='ltr'>obfusam</span> <span class='ocrx_word' id='word_1_132' title='bbox 1361 1112 1490 1152; x_wconf 85' lang='lat' dir='ltr'>multa</span> <span class='ocrx_word' id='word_1_133' title='bbox 1522 1115 1706 1166; x_wconf 88' lang='lat' dir='ltr'>caligine,</span> 
     </span>
     <span class='ocr_line' id='line_1_16' title="bbox 78 1166 1706 1234; baseline 0.013 -31"><span class='ocrx_word' id='word_1_134' title='bbox 78 1166 398 1217; x_wconf 86' lang='lat' dir='ltr'>incursitantem,</span> <span class='ocrx_word' id='word_1_135' title='bbox 430 1177 666 1211; x_wconf 84' lang='lat' dir='ltr'>uastantem</span> <span class='ocrx_word' id='word_1_136' title='bbox 688 1172 987 1228; x_wconf 80' lang='lat' dir='ltr'>fugantemque</span> <span class='ocrx_word' id='word_1_137' title='bbox 1010 1184 1051 1216; x_wconf 89' lang='lat' dir='ltr'>et</span> <span class='ocrx_word' id='word_1_138' title='bbox 1083 1180 1268 1219; x_wconf 87' lang='lat' dir='ltr'>omnium</span> <span class='ocrx_word' id='word_1_139' title='bbox 1299 1182 1398 1220; x_wconf 88' lang='lat' dir='ltr'>odio</span> <span class='ocrx_word' id='word_1_140' title='bbox 1430 1182 1706 1234; x_wconf 81' lang='lat' dir='ltr'>laborantem,</span> 
     </span>
     <span class='ocr_line' id='line_1_17' title="bbox 76 1236 1760 1300; baseline 0.012 -26"><span class='ocrx_word' id='word_1_141' title='bbox 76 1236 136 1274; x_wconf 87' lang='lat' dir='ltr'>sui</span> <span class='ocrx_word' id='word_1_142' title='bbox 178 1238 375 1286; x_wconf 84' lang='lat' dir='ltr'>maxime,</span> <span class='ocrx_word' id='word_1_143' title='bbox 426 1241 459 1278; x_wconf 93' lang='lat' dir='ltr'>si</span> <span class='ocrx_word' id='word_1_144' title='bbox 501 1241 618 1281; x_wconf 87' lang='lat' dir='ltr'>aliter</span> <span class='ocrx_word' id='word_1_145' title='bbox 658 1257 811 1283; x_wconf 87' lang='lat' dir='ltr'>nocere</span> <span class='ocrx_word' id='word_1_146' title='bbox 852 1259 937 1285; x_wconf 92' lang='lat' dir='ltr'>non</span> <span class='ocrx_word' id='word_1_147' title='bbox 979 1249 1122 1299; x_wconf 83' lang='lat' dir='ltr'>possit,</span> <span class='ocrx_word' id='word_1_148' title='bbox 1175 1256 1317 1299; x_wconf 84' lang='lat' dir='ltr'>terras,</span> <span class='ocrx_word' id='word_1_149' title='bbox 1361 1253 1499 1300; x_wconf 87' lang='lat' dir='ltr'>maria,</span> <span class='ocrx_word' id='word_1_150' title='bbox 1544 1256 1703 1295; x_wconf 86' lang='lat' dir='ltr'>caelum</span> <span class='ocrx_word' id='word_1_151' title='bbox 1728 1271 1760 1294; x_wconf 82' lang='lat'>15</span> 
     </span>
     <span class='ocr_line' id='line_1_18' title="bbox 76 1309 1705 1373; baseline 0.013 -29"><span class='ocrx_word' id='word_1_152' title='bbox 76 1320 193 1345; x_wconf 86' lang='lat' dir='ltr'>ruere</span> <span class='ocrx_word' id='word_1_153' title='bbox 226 1309 474 1361; x_wconf 86' lang='lat' dir='ltr'>cupientem,</span> <span class='ocrx_word' id='word_1_154' title='bbox 505 1311 698 1352; x_wconf 89' lang='lat' dir='ltr'>infestam</span> <span class='ocrx_word' id='word_1_155' title='bbox 730 1315 885 1366; x_wconf 88' lang='lat' dir='ltr'>pariter</span> <span class='ocrx_word' id='word_1_156' title='bbox 916 1317 1184 1371; x_wconf 86' lang='lat' dir='ltr'>inuisamque.</span> <span class='ocrx_word' id='word_1_157' title='bbox 1250 1321 1331 1369; x_wconf 90' lang='lat' dir='ltr'>uel,</span> <span class='ocrx_word' id='word_1_158' title='bbox 1365 1324 1397 1361; x_wconf 90' lang='lat' dir='ltr'>si</span> <span class='ocrx_word' id='word_1_159' title='bbox 1429 1324 1611 1373; x_wconf 87' lang='lat' dir='ltr'>uidetur,</span> <span class='ocrx_word' id='word_1_160' title='bbox 1654 1327 1705 1365; x_wconf 88' lang='lat' dir='ltr'>sit</span> 
     </span>
     <span class='ocr_line' id='line_1_19' title="bbox 74 1377 803 1433; baseline 0.014 -19"><span class='ocrx_word' id='word_1_161' title='bbox 74 1377 204 1428; x_wconf 87' lang='lat' dir='ltr'>qualis</span> <span class='ocrx_word' id='word_1_162' title='bbox 237 1380 348 1430; x_wconf 89' lang='lat' dir='ltr'>apud</span> <span class='ocrx_word' id='word_1_163' title='bbox 382 1387 498 1420; x_wconf 83' lang='lat' dir='ltr'>uates</span> <span class='ocrx_word' id='word_1_164' title='bbox 530 1390 697 1422; x_wconf 89' lang='lat' dir='ltr'>nostros</span> <span class='ocrx_word' id='word_1_165' title='bbox 730 1392 803 1433; x_wconf 91' lang='lat' dir='ltr'>est,</span> 
     </span>
    </p>
   </div>
   <div class='ocr_carea' id='block_1_6' title="bbox 355 1454 1395 1570">
    <p class='ocr_par' dir='ltr' id='par_1_6' title="bbox 355 1454 1395 1570">
     <span class='ocr_line' id='line_1_20' title="bbox 355 1454 1395 1512; baseline 0.013 -25"><span class='ocrx_word' id='word_1_166' title='bbox 355 1454 597 1499; x_wconf 61' lang='lat' dir='ltr'>scmglcineltm</span> <span class='ocrx_word' id='word_1_167' title='bbox 631 1458 800 1503; x_wconf 71' lang='lat' dir='ltr'>quatiens</span> <span class='ocrx_word' id='word_1_168' title='bbox 831 1459 966 1495; x_wconf 66' lang='lat' dir='ltr'>dextra</span> <span class='ocrx_word' id='word_1_169' title='bbox 1000 1461 1159 1498; x_wconf 75' lang='lat' dir='ltr'>Bellona</span> <span class='ocrx_word' id='word_1_170' title='bbox 1181 1465 1395 1512; x_wconf 71' lang='lat' dir='ltr'>flagellum,</span> 
     </span>
     <span class='ocr_line' id='line_1_21' title="bbox 356 1514 1287 1570; baseline 0.014 -24"><span class='ocrx_word' id='word_1_171' title='bbox 356 1517 427 1547; x_wconf 70' lang='lat' dir='ltr'>aut</span> <span class='ocrx_word' id='word_1_172' title='bbox 452 1514 567 1549; x_wconf 70' lang='lat' dir='ltr'>scissa</span> <span class='ocrx_word' id='word_1_173' title='bbox 593 1515 762 1560; x_wconf 73' lang='lat' dir='ltr'>gaudens</span> <span class='ocrx_word' id='word_1_174' title='bbox 793 1517 902 1553; x_wconf 71' lang='lat' dir='ltr'>uadit</span> <span class='ocrx_word' id='word_1_175' title='bbox 929 1519 1137 1557; x_wconf 68' lang='lat' dir='ltr'>Discordia</span> <span class='ocrx_word' id='word_1_176' title='bbox 1161 1521 1287 1570; x_wconf 71' lang='lat' dir='ltr'>palla,</span> 
     </span>
    </p>
   </div>
   <div class='ocr_carea' id='block_1_7' title="bbox 61 1577 1754 2139">
    <p class='ocr_par' dir='ltr' id='par_1_7' title="bbox 61 1577 1754 2139">
     <span class='ocr_line' id='line_1_22' title="bbox 71 1577 1754 1645; baseline 0.014 -31"><span class='ocrx_word' id='word_1_177' title='bbox 71 1583 141 1614; x_wconf 86' lang='lat' dir='ltr'>aut</span> <span class='ocrx_word' id='word_1_178' title='bbox 173 1577 205 1615; x_wconf 89' lang='lat' dir='ltr'>si</span> <span class='ocrx_word' id='word_1_179' title='bbox 237 1592 320 1630; x_wconf 90' lang='lat' dir='ltr'>qua</span> <span class='ocrx_word' id='word_1_180' title='bbox 352 1581 484 1631; x_wconf 86' lang='lat' dir='ltr'>magis</span> <span class='ocrx_word' id='word_1_181' title='bbox 518 1582 606 1621; x_wconf 88' lang='lat' dir='ltr'>dira</span> <span class='ocrx_word' id='word_1_182' title='bbox 638 1582 761 1623; x_wconf 86' lang='lat' dir='ltr'>facies</span> <span class='ocrx_word' id='word_1_183' title='bbox 794 1587 1024 1637; x_wconf 80' lang='lat' dir='ltr'>excogitari</span> <span class='ocrx_word' id='word_1_184' title='bbox 1057 1589 1131 1628; x_wconf 90' lang='lat' dir='ltr'>diri</span> <span class='ocrx_word' id='word_1_185' title='bbox 1164 1590 1353 1631; x_wconf 88' lang='lat' dir='ltr'>adfectus</span> <span class='ocrx_word' id='word_1_186' title='bbox 1384 1601 1536 1645; x_wconf 87' lang='lat' dir='ltr'>potest.</span> <span class='ocrx_word' id='word_1_187' title='bbox 1721 1614 1754 1638; x_wconf 79' lang='lat'>20</span> 
     </span>
     <span class='ocr_line' id='line_1_23' title="bbox 185 1647 1699 1717; baseline 0.014 -32"><span class='ocrx_word' id='word_1_188' title='bbox 185 1647 387 1689; x_wconf 81' lang='lat' dir='ltr'><strong>XXXVI.</strong></span> <span class='ocrx_word' id='word_1_189' title='bbox 443 1650 726 1702; x_wconf 74' lang='lat' dir='ltr'>Quibusdam,</span> <span class='ocrx_word' id='word_1_190' title='bbox 759 1662 803 1693; x_wconf 92' lang='lat' dir='ltr'>ut</span> <span class='ocrx_word' id='word_1_191' title='bbox 826 1656 881 1694; x_wconf 89' lang='lat' dir='ltr'>ait</span> <span class='ocrx_word' id='word_1_192' title='bbox 913 1656 1094 1706; x_wconf 76' lang='lat' dir='ltr'>Sextius,</span> <span class='ocrx_word' id='word_1_193' title='bbox 1127 1660 1238 1700; x_wconf 89' lang='lat' dir='ltr'>iratis</span> <span class='ocrx_word' id='word_1_194' title='bbox 1266 1662 1421 1713; x_wconf 88' lang='lat' dir='ltr'>profuit</span> <span class='ocrx_word' id='word_1_195' title='bbox 1453 1665 1699 1717; x_wconf 82' lang='lat' dir='ltr'>adspexisse</span> 
     </span>
     <span class='ocr_line' id='line_1_24' title="bbox 66 1717 1696 1776; baseline 0.013 -22"><span class='ocrx_word' id='word_1_196' title='bbox 66 1717 292 1768; x_wconf 84' lang='lat' dir='ltr'>speculum.</span> <span class='ocrx_word' id='word_1_197' title='bbox 364 1722 623 1772; x_wconf 89' lang='lat' dir='ltr'>perturbauit</span> <span class='ocrx_word' id='word_1_198' title='bbox 674 1724 763 1764; x_wconf 90' lang='lat' dir='ltr'>illos</span> <span class='ocrx_word' id='word_1_199' title='bbox 812 1732 929 1766; x_wconf 85' lang='lat' dir='ltr'>tanta</span> <span class='ocrx_word' id='word_1_200' title='bbox 981 1730 1156 1769; x_wconf 87' lang='lat' dir='ltr'>mutatio</span> <span class='ocrx_word' id='word_1_201' title='bbox 1209 1732 1280 1771; x_wconf 91' lang='lat' dir='ltr'>sui.</span> <span class='ocrx_word' id='word_1_202' title='bbox 1352 1733 1465 1773; x_wconf 90' lang='lat' dir='ltr'>uelut</span> <span class='ocrx_word' id='word_1_203' title='bbox 1517 1736 1557 1774; x_wconf 88' lang='lat' dir='ltr'>in</span> <span class='ocrx_word' id='word_1_204' title='bbox 1608 1750 1696 1776; x_wconf 90' lang='lat' dir='ltr'>rem</span> 
     </span>
     <span class='ocr_line' id='line_1_25' title="bbox 65 1792 1697 1854; baseline 0.013 -29"><span class='ocrx_word' id='word_1_205' title='bbox 65 1795 330 1838; x_wconf 85' lang='lat' dir='ltr'>praesentem</span> <span class='ocrx_word' id='word_1_206' title='bbox 373 1792 543 1831; x_wconf 88' lang='lat' dir='ltr'>adducti</span> <span class='ocrx_word' id='word_1_207' title='bbox 581 1807 665 1832; x_wconf 92' lang='lat' dir='ltr'>non</span> <span class='ocrx_word' id='word_1_208' title='bbox 718 1804 979 1847; x_wconf 87' lang='lat' dir='ltr'>agnouerunt</span> <span class='ocrx_word' id='word_1_209' title='bbox 1011 1812 1067 1838; x_wconf 88' lang='lat' dir='ltr'>se.</span> <span class='ocrx_word' id='word_1_210' title='bbox 1131 1808 1172 1840; x_wconf 90' lang='lat' dir='ltr'>et</span> <span class='ocrx_word' id='word_1_211' title='bbox 1213 1804 1458 1854; x_wconf 86' lang='lat' dir='ltr'>quantulum</span> <span class='ocrx_word' id='word_1_212' title='bbox 1501 1819 1556 1844; x_wconf 81' lang='lat' dir='ltr'>ex</span> <span class='ocrx_word' id='word_1_213' title='bbox 1599 1821 1697 1848; x_wconf 91' lang='lat' dir='ltr'>uera</span> 
     </span>
     <span class='ocr_line' id='line_1_26' title="bbox 66 1857 1696 1920; baseline 0.013 -24"><span class='ocrx_word' id='word_1_214' title='bbox 66 1857 332 1899; x_wconf 86' lang='lat' dir='ltr'>deformitate</span> <span class='ocrx_word' id='word_1_215' title='bbox 374 1862 514 1914; x_wconf 88' lang='lat' dir='ltr'>imago</span> <span class='ocrx_word' id='word_1_216' title='bbox 557 1863 623 1903; x_wconf 86' lang='lat' dir='ltr'>illa</span> <span class='ocrx_word' id='word_1_217' title='bbox 660 1866 830 1917; x_wconf 90' lang='lat' dir='ltr'>speculo</span> <span class='ocrx_word' id='word_1_218' title='bbox 869 1882 1111 1920; x_wconf 87' lang='lat' dir='ltr'>repercussa</span> <span class='ocrx_word' id='word_1_219' title='bbox 1164 1873 1398 1913; x_wconf 81' lang='lat' dir='ltr'>reddebat?</span> <span class='ocrx_word' id='word_1_220' title='bbox 1461 1877 1622 1916; x_wconf 88' lang='lat' dir='ltr'>animus</span> <span class='ocrx_word' id='word_1_221' title='bbox 1663 1880 1696 1918; x_wconf 89' lang='lat' dir='ltr'>si</span> 
     </span>
     <span class='ocr_line' id='line_1_27' title="bbox 65 1930 1747 1993; baseline 0.014 -27"><span class='ocrx_word' id='word_1_222' title='bbox 65 1930 230 1969; x_wconf 88' lang='lat' dir='ltr'>ostendi</span> <span class='ocrx_word' id='word_1_223' title='bbox 263 1938 305 1970; x_wconf 87' lang='lat' dir='ltr'>et</span> <span class='ocrx_word' id='word_1_224' title='bbox 336 1932 369 1971; x_wconf 93' lang='lat' dir='ltr'>si</span> <span class='ocrx_word' id='word_1_225' title='bbox 400 1933 439 1971; x_wconf 90' lang='lat' dir='ltr'>in</span> <span class='ocrx_word' id='word_1_226' title='bbox 472 1933 552 1973; x_wconf 88' lang='lat' dir='ltr'>ulla</span> <span class='ocrx_word' id='word_1_227' title='bbox 594 1936 769 1976; x_wconf 86' lang='lat' dir='ltr'>materia</span> <span class='ocrx_word' id='word_1_228' title='bbox 804 1938 1018 1990; x_wconf 88' lang='lat' dir='ltr'>perlucere</span> <span class='ocrx_word' id='word_1_229' title='bbox 1050 1950 1215 1993; x_wconf 91' lang='lat' dir='ltr'>posset,</span> <span class='ocrx_word' id='word_1_230' title='bbox 1259 1944 1452 1985; x_wconf 88' lang='lat' dir='ltr'>intuentis</span> <span class='ocrx_word' id='word_1_231' title='bbox 1484 1961 1562 1986; x_wconf 85' lang='lat' dir='ltr'>nos</span> <span class='ocrx_word' id='word_1_232' title='bbox 1594 1962 1691 1988; x_wconf 90' lang='lat' dir='ltr'>con·</span> <span class='ocrx_word' id='word_1_233' title='bbox 1713 1968 1747 1991; x_wconf 75' lang='lat'>25</span> 
     </span>
     <span class='ocr_line' id='line_1_28' title="bbox 62 1998 1692 2059; baseline 0.013 -22"><span class='ocrx_word' id='word_1_234' title='bbox 62 1998 253 2039; x_wconf 84' lang='lat' dir='ltr'>funderet</span> <span class='ocrx_word' id='word_1_235' title='bbox 294 2008 383 2041; x_wconf 90' lang='lat' dir='ltr'>ater</span> <span class='ocrx_word' id='word_1_236' title='bbox 426 1999 745 2058; x_wconf 85' lang='lat' dir='ltr'>maculosusque</span> <span class='ocrx_word' id='word_1_237' title='bbox 788 2014 830 2046; x_wconf 92' lang='lat' dir='ltr'>et</span> <span class='ocrx_word' id='word_1_238' title='bbox 872 2016 1065 2050; x_wconf 89' lang='lat' dir='ltr'>aestuans</span> <span class='ocrx_word' id='word_1_239' title='bbox 1108 2018 1149 2050; x_wconf 89' lang='lat' dir='ltr'>et</span> <span class='ocrx_word' id='word_1_240' title='bbox 1193 2013 1392 2054; x_wconf 87' lang='lat' dir='ltr'>distortus</span> <span class='ocrx_word' id='word_1_241' title='bbox 1425 2024 1466 2055; x_wconf 90' lang='lat' dir='ltr'>et</span> <span class='ocrx_word' id='word_1_242' title='bbox 1498 2019 1692 2059; x_wconf 87' lang='lat' dir='ltr'>tumidus.</span> 
     </span>
     <span class='ocr_line' id='line_1_29' title="bbox 61 2075 1692 2139; baseline 0.013 -31"><span class='ocrx_word' id='word_1_243' title='bbox 61 2083 170 2109; x_wconf 91' lang='lat' dir='ltr'>nunc</span> <span class='ocrx_word' id='word_1_244' title='bbox 201 2085 369 2124; x_wconf 90' lang='lat' dir='ltr'>quoque</span> <span class='ocrx_word' id='word_1_245' title='bbox 400 2080 518 2114; x_wconf 90' lang='lat' dir='ltr'>tanta</span> <span class='ocrx_word' id='word_1_246' title='bbox 550 2075 794 2117; x_wconf 86' lang='lat' dir='ltr'>deformitas</span> <span class='ocrx_word' id='word_1_247' title='bbox 826 2080 910 2118; x_wconf 88' lang='lat' dir='ltr'>eius</span> <span class='ocrx_word' id='word_1_248' title='bbox 953 2087 1015 2120; x_wconf 90' lang='lat' dir='ltr'>est</span> <span class='ocrx_word' id='word_1_249' title='bbox 1059 2096 1134 2134; x_wconf 88' lang='lat' dir='ltr'>per</span> <span class='ocrx_word' id='word_1_250' title='bbox 1167 2097 1261 2123; x_wconf 86' lang='lat' dir='ltr'>ossa</span> <span class='ocrx_word' id='word_1_251' title='bbox 1294 2098 1521 2139; x_wconf 92' lang='lat' dir='ltr'>carnesque</span> <span class='ocrx_word' id='word_1_252' title='bbox 1554 2097 1594 2128; x_wconf 89' lang='lat' dir='ltr'>et</span> <span class='ocrx_word' id='word_1_253' title='bbox 1627 2096 1692 2139; x_wconf 88' lang='lat' dir='ltr'>tot</span> 
     </span>
    </p>
   </div>
   <div class='ocr_carea' id='block_1_8' title="bbox 14 2140 1689 2211">
    <p class='ocr_par' dir='ltr' id='par_1_8' title="bbox 14 2140 1689 2211">
     <span class='ocr_line' id='line_1_30' title="bbox 14 2140 1689 2211; baseline 0.014 -34"><span class='ocrx_word' id='word_1_254' title='bbox 14 2148 33 2177; x_wconf 77' lang='lat'>.·;</span> <span class='ocrx_word' id='word_1_255' title='bbox 59 2140 345 2192; x_wconf 88' lang='lat' dir='ltr'>inpedimenta</span> <span class='ocrx_word' id='word_1_256' title='bbox 396 2144 623 2185; x_wconf 86' lang='lat' dir='ltr'>effluentis:</span> <span class='ocrx_word' id='word_1_257' title='bbox 690 2148 787 2200; x_wconf 86' lang='lat' dir='ltr'>quid</span> <span class='ocrx_word' id='word_1_258' title='bbox 840 2150 872 2188; x_wconf 91' lang='lat' dir='ltr'>si</span> <span class='ocrx_word' id='word_1_259' title='bbox 897 2200 901 2204; x_wconf 15' lang='grc' dir='ltr'><em>ᾗ</em></span> <span class='ocrx_word' id='word_1_260' title='bbox 923 2152 1058 2191; x_wconf 90' lang='lat' dir='ltr'>nudus</span> <span class='ocrx_word' id='word_1_261' title='bbox 1121 2155 1437 2196; x_wconf 81' lang='lat' dir='ltr'>ostenderetur?</span> <span class='ocrx_word' id='word_1_262' title='bbox 1519 2161 1689 2211; x_wconf 88' lang='lat' dir='ltr'>speculo</span> 
     </span>
    </p>
   </div>
   <div class='ocr_carea' id='block_1_9' title="bbox 57 2211 1741 2419">
    <p class='ocr_par' dir='ltr' id='par_1_9' title="bbox 57 2211 1741 2419">
     <span class='ocr_line' id='line_1_31' title="bbox 59 2211 1688 2281; baseline 0.014 -33"><span class='ocrx_word' id='word_1_263' title='bbox 59 2211 228 2262; x_wconf 89' lang='lat' dir='ltr'>quidem</span> <span class='ocrx_word' id='word_1_264' title='bbox 260 2214 470 2254; x_wconf 89' lang='lat' dir='ltr'>neminem</span> <span class='ocrx_word' id='word_1_265' title='bbox 504 2217 747 2257; x_wconf 89' lang='lat' dir='ltr'>deterritum</span> <span class='ocrx_word' id='word_1_266' title='bbox 780 2219 834 2258; x_wconf 92' lang='lat' dir='ltr'>ab</span> <span class='ocrx_word' id='word_1_267' title='bbox 868 2221 924 2260; x_wconf 84' lang='lat' dir='ltr'>ira</span> <span class='ocrx_word' id='word_1_268' title='bbox 957 2223 1205 2262; x_wconf 85' lang='lat' dir='ltr'>credideris:</span> <span class='ocrx_word' id='word_1_269' title='bbox 1242 2227 1341 2277; x_wconf 86' lang='lat' dir='ltr'>quid</span> <span class='ocrx_word' id='word_1_270' title='bbox 1374 2231 1500 2279; x_wconf 81' lang='lat' dir='ltr'>ergo?</span> <span class='ocrx_word' id='word_1_271' title='bbox 1534 2231 1601 2281; x_wconf 88' lang='lat' dir='ltr'>qui</span> <span class='ocrx_word' id='word_1_272' title='bbox 1634 2233 1688 2270; x_wconf 92' lang='lat' dir='ltr'>ad</span> 
     </span>
     <span class='ocr_line' id='line_1_32' title="bbox 57 2282 1741 2350; baseline 0.013 -31"><span class='ocrx_word' id='word_1_273' title='bbox 57 2282 270 2333; x_wconf 89' lang='lat' dir='ltr'>speculum</span> <span class='ocrx_word' id='word_1_274' title='bbox 293 2292 475 2333; x_wconf 89' lang='lat' dir='ltr'>uenerat,</span> <span class='ocrx_word' id='word_1_275' title='bbox 498 2293 541 2326; x_wconf 91' lang='lat' dir='ltr'>ut</span> <span class='ocrx_word' id='word_1_276' title='bbox 563 2300 607 2325; x_wconf 91' lang='lat' dir='ltr'>se</span> <span class='ocrx_word' id='word_1_277' title='bbox 630 2295 821 2337; x_wconf 88' lang='lat' dir='ltr'>mutaret,</span> <span class='ocrx_word' id='word_1_278' title='bbox 850 2291 932 2330; x_wconf 88' lang='lat' dir='ltr'>iam</span> <span class='ocrx_word' id='word_1_279' title='bbox 956 2299 1202 2334; x_wconf 88' lang='lat' dir='ltr'>mutauerat.</span> <span class='ocrx_word' id='word_1_280' title='bbox 1252 2296 1361 2336; x_wconf 88' lang='lat' dir='ltr'>iratis</span> <span class='ocrx_word' id='word_1_281' title='bbox 1384 2299 1554 2350; x_wconf 86' lang='lat' dir='ltr'>quidem</span> <span class='ocrx_word' id='word_1_282' title='bbox 1578 2301 1688 2341; x_wconf 89' lang='lat' dir='ltr'>nulla</span> <span class='ocrx_word' id='word_1_283' title='bbox 1708 2320 1741 2342; x_wconf 62' lang='grc' dir='ltr'>κο</span> 
     </span>
     <span class='ocr_line' id='line_1_33' title="bbox 57 2351 1684 2419; baseline 0.014 -30"><span class='ocrx_word' id='word_1_284' title='bbox 57 2360 120 2391; x_wconf 88' lang='lat' dir='ltr'>est</span> <span class='ocrx_word' id='word_1_285' title='bbox 152 2351 377 2393; x_wconf 89' lang='lat' dir='ltr'>formosior</span> <span class='ocrx_word' id='word_1_286' title='bbox 399 2355 557 2407; x_wconf 81' lang='lat' dir='ltr'>effigies</span> <span class='ocrx_word' id='word_1_287' title='bbox 589 2372 715 2409; x_wconf 85' lang='lat' dir='ltr'>quam</span> <span class='ocrx_word' id='word_1_288' title='bbox 748 2367 873 2399; x_wconf 81' lang='lat' dir='ltr'>atrox</span> <span class='ocrx_word' id='word_1_289' title='bbox 907 2368 948 2401; x_wconf 91' lang='lat' dir='ltr'>et</span> <span class='ocrx_word' id='word_1_290' title='bbox 981 2361 1150 2402; x_wconf 84' lang='lat' dir='ltr'>horrida</span> <span class='ocrx_word' id='word_1_291' title='bbox 1179 2366 1404 2419; x_wconf 87' lang='lat' dir='ltr'>qualesque</span> <span class='ocrx_word' id='word_1_292' title='bbox 1437 2383 1527 2409; x_wconf 87' lang='lat' dir='ltr'>esse</span> <span class='ocrx_word' id='word_1_293' title='bbox 1560 2372 1684 2411; x_wconf 88' lang='lat' dir='ltr'>etiam</span> 
     </span>
    </p>
   </div>
   <div class='ocr_carea' id='block_1_10' title="bbox 70 2427 192 2434">
    <p class='ocr_par' dir='ltr' id='par_1_10' title="bbox 70 2427 192 2434">
     <span class='ocr_line' id='line_1_34' title="bbox 70 2427 192 2434; baseline 0 0"><span class='ocrx_word' id='word_1_294' title='bbox 70 2427 192 2434; x_wconf 95' lang='lat' dir='ltr'> </span> 
     </span>
    </p>
   </div>
   <div class='ocr_carea' id='block_1_11' title="bbox 193 2428 335 2436">
    <p class='ocr_par' dir='ltr' id='par_1_11' title="bbox 193 2428 335 2436">
     <span class='ocr_line' id='line_1_35' title="bbox 193 2428 335 2436; baseline 0 0"><span class='ocrx_word' id='word_1_295' title='bbox 193 2428 335 2436; x_wconf 95' lang='lat' dir='ltr'> </span> 
     </span>
    </p>
   </div>
   <div class='ocr_carea' id='block_1_12' title="bbox 0 2465 1682 2826">
    <p class='ocr_par' dir='ltr' id='par_1_12' title="bbox 0 2465 1682 2826">
     <span class='ocr_line' id='line_1_36' title="bbox 58 2465 1567 2528; baseline 0.015 -31"><span class='ocrx_word' id='word_1_296' title='bbox 58 2469 78 2499; x_wconf 65' lang='lat'><strong>2</strong></span> <span class='ocrx_word' id='word_1_297' title='bbox 105 2465 164 2498; x_wconf 82' lang='lat' dir='ltr'>cui&#39;</span> <span class='ocrx_word' id='word_1_298' title='bbox 193 2475 281 2500; x_wconf 56' lang='lat' dir='ltr'>extra</span> <span class='ocrx_word' id='word_1_299' title='bbox 308 2468 340 2512; x_wconf 85' lang='lat' dir='ltr'>(i&#39;</span> <span class='ocrx_word' id='word_1_300' title='bbox 369 2477 455 2502; x_wconf 83' lang='lat' dir='ltr'>extra</span> <span class='ocrx_word' id='word_1_301' title='bbox 483 2472 516 2504; x_wconf 77' lang='grc' dir='ltr'>’ῐη</span> <span class='ocrx_word' id='word_1_302' title='bbox 544 2481 632 2515; x_wconf 77' lang='lat' dir='ltr'>ras.)</span> <span class='ocrx_word' id='word_1_303' title='bbox 745 2476 764 2505; x_wconf 73' lang='lat'>:3</span> <span class='ocrx_word' id='word_1_304' title='bbox 792 2477 893 2507; x_wconf 79' lang='lat' dir='ltr'>uultus</span> <span class='ocrx_word' id='word_1_305' title='bbox 999 2478 1019 2511; x_wconf 70' lang='lat'>4&#39;</span> <span class='ocrx_word' id='word_1_306' title='bbox 1047 2480 1183 2520; x_wconf 78' lang='lat' dir='ltr'>impetus</span> <span class='ocrx_word' id='word_1_307' title='bbox 1289 2494 1322 2514; x_wconf 77' lang='lat' dir='ltr'>se</span> <span class='ocrx_word' id='word_1_308' title='bbox 1340 2478 1375 2513; x_wconf 51' lang='lat' dir='ltr'>n*</span> <span class='ocrx_word' id='word_1_309' title='bbox 1404 2485 1451 2527; x_wconf 76' lang='lat' dir='ltr'>(in</span> <span class='ocrx_word' id='word_1_310' title='bbox 1479 2489 1567 2528; x_wconf 75' lang='lat' dir='ltr'>ras.)</span> 
     </span>
     <span class='ocr_line' id='line_1_37' title="bbox 57 2525 1682 2583; baseline 0.014 -29"><span class='ocrx_word' id='word_1_311' title='bbox 57 2525 75 2555; x_wconf 67' lang='grc' dir='ltr'>ἴ)</span> <span class='ocrx_word' id='word_1_312' title='bbox 103 2531 156 2557; x_wconf 84' lang='lat' dir='ltr'>aut</span> <span class='ocrx_word' id='word_1_313' title='bbox 182 2529 225 2558; x_wconf 88' lang='lat' dir='ltr'>ad</span> <span class='ocrx_word' id='word_1_314' title='bbox 251 2532 276 2569; x_wconf 89' lang='lat' dir='ltr'>(t</span> <span class='ocrx_word' id='word_1_315' title='bbox 302 2530 343 2560; x_wconf 82' lang='lat' dir='ltr'>ad</span> <span class='ocrx_word' id='word_1_316' title='bbox 370 2531 480 2572; x_wconf 77' lang='lat' dir='ltr'>corr.)</span> <span class='ocrx_word' id='word_1_317' title='bbox 579 2532 598 2565; x_wconf 80' lang='grc'>6</span> <span class='ocrx_word' id='word_1_318' title='bbox 626 2541 722 2573; x_wconf 79' lang='lat' dir='ltr'>poete</span> <span class='ocrx_word' id='word_1_319' title='bbox 749 2534 795 2569; x_wconf 70' lang='lat' dir='ltr'>(in</span> <span class='ocrx_word' id='word_1_320' title='bbox 825 2536 913 2576; x_wconf 74' lang='lat' dir='ltr'>ras.)</span> <span class='ocrx_word' id='word_1_321' title='bbox 1012 2539 1177 2570; x_wconf 69' lang='lat' dir='ltr'>succincta</span> <span class='ocrx_word' id='word_1_322' title='bbox 1276 2540 1294 2573; x_wconf 70' lang='grc' dir='ltr'>ἶ</span> <span class='ocrx_word' id='word_1_323' title='bbox 1314 2543 1416 2583; x_wconf 80' lang='lat' dir='ltr'>qualis</span> <span class='ocrx_word' id='word_1_324' title='bbox 1514 2548 1534 2574; x_wconf 53' lang='lat' dir='ltr'>b*</span> <span class='ocrx_word' id='word_1_325' title='bbox 1562 2548 1682 2577; x_wconf 85' lang='lat' dir='ltr'>teterri-</span> 
     </span>
     <span class='ocr_line' id='line_1_38' title="bbox 0 2584 1681 2638; baseline 0.014 -26"><span class='ocrx_word' id='word_1_326' title='bbox 0 2585 5 2587; x_wconf 69' lang='grc'><strong><em>’</em></strong></span> <span class='ocrx_word' id='word_1_327' title='bbox 55 2595 128 2616; x_wconf 85' lang='lat' dir='ltr'>mae</span> <span class='ocrx_word' id='word_1_328' title='bbox 154 2584 294 2619; x_wconf 77' lang='lat' dir='ltr'>Haase:</span> <span class='ocrx_word' id='word_1_329' title='bbox 324 2589 496 2620; x_wconf 85' lang='lat' dir='ltr'>deterrime</span> <span class='ocrx_word' id='word_1_330' title='bbox 523 2589 600 2623; x_wconf 66' lang='lat' dir='ltr'>coll.</span> <span class='ocrx_word' id='word_1_331' title='bbox 628 2592 709 2623; x_wconf 85' lang='lat' dir='ltr'>deae</span> <span class='ocrx_word' id='word_1_332' title='bbox 734 2595 938 2625; x_wconf 78' lang='lat' dir='ltr'>taeterrimae</span> <span class='ocrx_word' id='word_1_333' title='bbox 966 2593 1073 2628; x_wconf 72' lang='lat' dir='ltr'>Gertz</span> <span class='ocrx_word' id='word_1_334' title='bbox 1207 2598 1255 2631; x_wconf 58' lang='lat' dir='ltr'>ll}</span> <span class='ocrx_word' id='word_1_335' title='bbox 1283 2602 1408 2638; x_wconf 70' lang='lat' dir='ltr'>uesanis</span> <span class='ocrx_word' id='word_1_336' title='bbox 1545 2605 1681 2636; x_wconf 81' lang='lat' dir='ltr'>offusam</span> 
     </span>
     <span class='ocr_line' id='line_1_39' title="bbox 55 2643 1680 2704; baseline 0.014 -29"><span class='ocrx_word' id='word_1_337' title='bbox 55 2644 96 2683; x_wconf 66' lang='lat' dir='ltr'>(fs</span> <span class='ocrx_word' id='word_1_338' title='bbox 116 2643 151 2675; x_wconf 78' lang='lat' dir='ltr'>in.</span> <span class='ocrx_word' id='word_1_339' title='bbox 179 2646 267 2686; x_wconf 81' lang='lat' dir='ltr'>rus.)</span> <span class='ocrx_word' id='word_1_340' title='bbox 369 2646 410 2679; x_wconf 72' lang='lat'>15</span> <span class='ocrx_word' id='word_1_341' title='bbox 437 2649 571 2680; x_wconf 49' lang='lat' dir='ltr'>maria*</span> <span class='ocrx_word' id='word_1_342' title='bbox 604 2650 631 2690; x_wconf 81' lang='lat' dir='ltr'>(s</span> <span class='ocrx_word' id='word_1_343' title='bbox 657 2651 816 2691; x_wconf 77' lang='lat' dir='ltr'>erasum)</span> <span class='ocrx_word' id='word_1_344' title='bbox 917 2653 956 2686; x_wconf 68' lang='lat'>1?</span> <span class='ocrx_word' id='word_1_345' title='bbox 984 2661 1061 2695; x_wconf 87' lang='lat' dir='ltr'>aput</span> <span class='ocrx_word' id='word_1_346' title='bbox 1159 2656 1202 2689; x_wconf 66' lang='lat'>20</span> <span class='ocrx_word' id='word_1_347' title='bbox 1229 2659 1361 2689; x_wconf 80' lang='lat' dir='ltr'>affectus</span> <span class='ocrx_word' id='word_1_348' title='bbox 1389 2661 1507 2704; x_wconf 78' lang='lat' dir='ltr'>(prior</span> <span class='ocrx_word' id='word_1_349' title='bbox 1534 2663 1548 2693; x_wconf 86' lang='lat' dir='ltr'>s</span> <span class='ocrx_word' id='word_1_350' title='bbox 1571 2665 1680 2703; x_wconf 71' lang='lat' dir='ltr'>corr.)</span> 
     </span>
     <span class='ocr_line' id='line_1_40' title="bbox 148 2703 1679 2757; baseline 0.014 -25"><span class='ocrx_word' id='word_1_351' title='bbox 148 2703 188 2735; x_wconf 69' lang='lat'>21</span> <span class='ocrx_word' id='word_1_352' title='bbox 219 2705 381 2744; x_wconf 70' lang='lat' dir='ltr'>aspexisse</span> <span class='ocrx_word' id='word_1_353' title='bbox 406 2707 571 2746; x_wconf 86' lang='lat' dir='ltr'>speculum</span> <span class='ocrx_word' id='word_1_354' title='bbox 597 2707 633 2740; x_wconf 74' lang='lat' dir='ltr'>in</span> <span class='ocrx_word' id='word_1_355' title='bbox 659 2719 733 2742; x_wconf 80' lang='lat' dir='ltr'>ras.</span> <span class='ocrx_word' id='word_1_356' title='bbox 838 2709 881 2744; x_wconf 74' lang='lat'>26</span> <span class='ocrx_word' id='word_1_357' title='bbox 910 2713 1128 2754; x_wconf 76' lang='lat' dir='ltr'>maculosusq3</span> <span class='ocrx_word' id='word_1_358' title='bbox 1158 2721 1188 2755; x_wconf 60' lang='lat'>&lt;3</span> <span class='ocrx_word' id='word_1_359' title='bbox 1218 2717 1326 2757; x_wconf 71' lang='lat' dir='ltr'>corr.)</span> <span class='ocrx_word' id='word_1_360' title='bbox 1433 2722 1476 2751; x_wconf 60' lang='lat'>23·</span> <span class='ocrx_word' id='word_1_361' title='bbox 1503 2722 1679 2753; x_wconf 79' lang='lat' dir='ltr'>credideris</span> 
     </span>
     <span class='ocr_line' id='line_1_41' title="bbox 53 2752 1548 2823; baseline 0.013 -25"><span class='ocrx_word' id='word_1_362' title='bbox 53 2762 223 2810; x_wconf 73' lang='lat' dir='ltr'>Madm‘q:</span> <span class='ocrx_word' id='word_1_363' title='bbox 253 2752 369 2799; x_wconf 51' lang='lat' dir='ltr'>crediss</span> <span class='ocrx_word' id='word_1_364' title='bbox 493 2770 537 2803; x_wconf 68' lang='grc'>30</span> <span class='ocrx_word' id='word_1_365' title='bbox 563 2778 699 2804; x_wconf 76' lang='lat' dir='ltr'>mutaret</span> <span class='ocrx_word' id='word_1_366' title='bbox 728 2773 794 2814; x_wconf 81' lang='lat' dir='ltr'>(mu</span> <span class='ocrx_word' id='word_1_367' title='bbox 821 2774 932 2817; x_wconf 75' lang='lat' dir='ltr'>corr.)</span> <span class='ocrx_word' id='word_1_368' title='bbox 1062 2777 1101 2810; x_wconf 63' lang='lat'>:231</span> <span class='ocrx_word' id='word_1_369' title='bbox 1134 2778 1308 2811; x_wconf 83' lang='lat' dir='ltr'>formosior</span> <span class='ocrx_word' id='word_1_370' title='bbox 1335 2783 1412 2821; x_wconf 83' lang='lat' dir='ltr'>(sior</span> <span class='ocrx_word' id='word_1_371' title='bbox 1439 2792 1548 2823; x_wconf 80' lang='lat' dir='ltr'>corr.)</span> 
     </span>
     <span class='ocr_line' id='line_1_42' title="bbox 209 2814 255 2826; baseline 0 -1"><span class='ocrx_word' id='word_1_372' title='bbox 209 2814 255 2826; x_wconf 62' lang='grc' dir='ltr'><em>Μ</em></span> 
     </span>
    </p>
   </div>
   <div class='ocr_carea' id='block_1_13' title="bbox 214 2839 424 2862">
    <p class='ocr_par' dir='ltr' id='par_1_13' title="bbox 214 2839 424 2862">
     <span class='ocr_line' id='line_1_43' title="bbox 214 2839 424 2862; baseline 0.01 -8"><span class='ocrx_word' id='word_1_373' title='bbox 214 2839 247 2854; x_wconf 79' lang='lat' dir='ltr'>ee</span> <span class='ocrx_word' id='word_1_374' title='bbox 378 2851 424 2862; x_wconf 64' lang='grc' dir='ltr'><em>Μ</em></span> 
     </span>
    </p>
   </div>
   <div class='ocr_carea' id='block_1_14' title="bbox 52 2865 792 2915">
    <p class='ocr_par' dir='ltr' id='par_1_14' title="bbox 52 2865 792 2915">
     <span class='ocr_line' id='line_1_44' title="bbox 52 2865 792 2915; baseline 0.015 -21"><span class='ocrx_word' id='word_1_375' title='bbox 52 2865 203 2907; x_wconf 81' lang='lat' dir='ltr'>qualesq;</span> <span class='ocrx_word' id='word_1_376' title='bbox 238 2867 335 2897; x_wconf 86' lang='lat' dir='ltr'>etiam</span> <span class='ocrx_word' id='word_1_377' title='bbox 363 2869 413 2909; x_wconf 82' lang='lat' dir='ltr'>(ee</span> <span class='ocrx_word' id='word_1_378' title='bbox 438 2878 620 2913; x_wconf 66' lang='lat' dir='ltr'>suprascr,</span> <span class='ocrx_word' id='word_1_379' title='bbox 650 2883 694 2905; x_wconf 81' lang='lat' dir='ltr'>m.</span> <span class='ocrx_word' id='word_1_380' title='bbox 716 2874 792 2915; x_wconf 69' lang='lat' dir='ltr'>pr.)</span> 
     </span>
    </p>
   </div>
  </div>
 </body>
</html>
