2008 3221
180 871 208 895 lt.

239 130 290 168 94
734 125 838 152 DIAL,
861 126 895 153 V.
935 126 988 150 DE
1007 125 1076 151 IRA
1098 125 1170 152 Llss.
1192 125 1245 152 111.
1283 128 1309 152 9.
1334 128 1374 152 10.

237 230 279 262 et
332 225 473 262 omnia
525 236 631 275 quae
681 222 924 261 exulcerant
976 222 1142 269 uitium,
1194 235 1326 274 aeque
1378 235 1526 261 cauere
1578 222 1864 262 lassitudinem

237 295 447 345 corporis:
495 294 703 332 consumit
736 294 846 331 enim
879 293 1082 345 quidquid
1114 294 1155 331 in
1187 293 1309 332 nobis
1342 294 1443 332 mite
1474 292 1769 345 placidumque
1801 301 1865 333 est

236 372 278 404 et
310 366 418 403 acria
451 365 645 403 concitat.
697 363 793 402 ideo
826 363 974 415 quibus
1009 363 1253 403 stomachus
1275 370 1492 415 suspectus
1524 370 1599 411 est,
1632 366 1865 415 processuri
1900 367 1907 378 ⁷

235 436 289 474 ad
332 448 396 473 res
439 435 626 485 agendas
679 435 847 473 maioris
900 436 1045 485 negoti
1096 433 1224 475 bilem
1278 434 1372 473 cibo
1424 440 1685 486 temperant,
1738 448 1864 486 quam

181 521 194 541 :¹
235 506 421 544 maxime
455 511 599 543 mouet
632 503 838 556 fatigatiO,
876 506 963 543 siue
995 506 1091 557 quia
1124 504 1306 544 calorem
1344 506 1385 544 in
1417 505 1557 544 media
1589 504 1788 556 conpellit
1822 512 1865 544 et

234 582 357 615 nocet
389 576 577 626 sanguini
611 588 859 627 cursumque
892 577 976 614 eius
1010 577 1125 614 uenis
1157 574 1447 614 laborantibus
1489 577 1606 623 sistit,
1649 577 1736 615 siue
1768 578 1864 628 quia

232 659 382 697 corpus
415 646 690 685 adtenuatum
723 652 765 684 et
788 645 997 684 infirmum
1020 645 1224 685 incumbit
1257 646 1410 684 animo.
1448 652 1561 685 certe
1594 645 1649 684 ob
1683 647 1862 686 eandem

232 730 398 756 causam
452 717 735 755 iracundiores
787 723 883 756 sunt
934 716 1176 755 ualetudine
1228 723 1300 756 aut
1351 722 1490 756 aetate
1542 715 1649 756 fessi.
1731 715 1863 756 fames

230 801 398 839 quoque
431 794 472 826 et
504 789 591 826 sitis
624 800 678 825 ex
711 788 846 826 isdem
880 789 1012 826 causis
1041 788 1213 826 uitanda
1245 794 1329 826 est:
1368 794 1592 838 exasperat
1616 794 1657 826 et
1680 787 1863 828 incendit

230 859 403 897 animos.
476 865 595 897 uetus
637 858 794 897 dictum
838 865 901 897 est
943 872 967 897 a
999 858 1108 897 lasso
1152 859 1288 897 rixam
1331 859 1484 910 quaeri.
1555 871 1688 910 aeque
1719 865 1899 898 autem:

229 937 271 969 et
313 928 366 968 ab
411 931 617 968 esuriente
659 935 701 968 et
734 943 757 968 a
799 930 965 968 sitiente
1006 935 1058 980 et·
1091 929 1145 968 ab
1189 930 1305 967 omni
1348 928 1518 968 homine
1559 942 1683 981 quem
1727 929 1862 982 aliqua

228 1014 291 1039 res
334 1001 424 1039 urit.
498 1013 594 1038 nam
640 1006 683 1038 ut
726 999 864 1039 ulcera
916 1001 971 1039 ad
1015 999 1152 1039 leuem
1195 1005 1378 1047 tactum,
1433 1000 1585 1038 deinde
1637 1001 1763 1039 etiam
1807 1001 1860 1039 ad

227 1071 504 1122 suspicionem
550 1077 686 1110 tactus
739 1070 1064 1118 condolescunt,
1118 1072 1174 1109 ita
1227 1070 1387 1109 animus
1440 1069 1630 1110 adfectus
1683 1071 1860 1110 minimis

227 1141 473 1188 offenditur,
516 1142 625 1180 adeo
668 1148 713 1181 ut
755 1142 963 1194 quosdam
1007 1141 1204 1180 salutatio
1248 1147 1290 1180 et
1333 1140 1509 1193 epistula
1552 1148 1593 1180 et
1638 1143 1772 1181 oratio
1818 1149 1860 1181 et

192 1226 205 1247 r,
226 1212 498 1263 interrogatio
530 1214 570 1251 in
602 1212 718 1251 litem
752 1219 941 1251 euocent.

344 1282 394 1321 X.
438 1283 679 1334 Numquam
722 1283 809 1321 sine
851 1283 1032 1334 querella
1074 1296 1202 1334 aegra
1247 1289 1484 1333 tanguntur.
1547 1285 1755 1335 optimum
1796 1291 1859 1323 est

224 1355 363 1406 itaque
395 1354 449 1392 ad
492 1355 673 1405 primum
717 1353 813 1392 mali
844 1367 1012 1392 sensum
1047 1354 1206 1392 mederi
1239 1353 1326 1392 sibi.
1388 1360 1478 1393 tum
1521 1353 1659 1393 uerbis
1691 1367 1860 1406 quoque

223 1426 305 1463 suis
349 1426 568 1463 minimum
622 1425 823 1464 libertatis
868 1425 976 1463 >dare
1028 1431 1070 1463 et
1122 1423 1308 1463 inhibere
1351 1425 1551 1476 inpetum.
1635 1423 1753 1464 facile
1795 1431 1859 1464 est
1886 1442 1920 1468 τ,-

223 1502 364 1534 autem
388 1494 577 1534 adfectus
609 1509 720 1543 suos,
752 1509 847 1534 cum
870 1497 1050 1547 primum
1077 1496 1273 1542 oriuntur,
1307 1494 1647 1546 deprehendere:
1686 1488 1857 1534 morbo-

169 1578 183 1601 ·.¹
224 1580 313 1605 rum
357 1567 474 1617 signa
516 1574 798 1617 praecurrunt.
881 1566 1245 1618 quemadmodum
1296 1566 1560 1617 tempestatis
1603 1579 1651 1605 ac
1693 1565 1858 1619 pluuiae

224 1643 320 1676 ante
363 1638 472 1688 ipsas
515 1644 643 1676 notae
686 1637 874 1684 ueniunt,
918 1637 974 1676 ita
1016 1638 1121 1685 irae,
1173 1637 1326 1676 amoris
1370 1637 1642 1696 omniumque
1683 1638 1856 1694 istarum

222 1707 499 1759 procellarum
554 1709 717 1747 animos
760 1709 1004 1747 uexantium
1048 1714 1144 1747 sunt
1196 1708 1406 1759 quaedam
1449 1709 1705 1759 praenuntia.
1788 1709 1857 1759 qui
1884 1720 1902 1746 .··

222 1778 420 1818 comitiali
464 1780 562 1817 uitio
606 1778 743 1817 solent
787 1780 951 1830 corripi,
995 1780 1077 1817 iam
1120 1778 1350 1817 aduentare
1382 1778 1664 1817 ualetudinem
1697 1777 1854 1817 intelle-

221 1856 345 1899 gunt,
388 1850 420 1887 si
465 1849 576 1888 calor
621 1850 787 1888 summa
830 1850 1011 1888 deseruit
1056 1856 1097 1888 et
1140 1851 1342 1888 incertum
1375 1849 1516 1887 lumen
1549 1862 1857 1900 neruorumque

168 1932 200 1954 -.›.·.
222 1920 447 1970 trepidatio
492 1926 575 1964 est,
618 1921 650 1958 si
693 1921 897 1958 memoria
942 1919 1172 1958 sublabitur
1214 1925 1422 1972 caputque
1465 1926 1662 1959 uersatur.
1725 1918 1856 1959 solitis

221 1992 360 2042 itaque
402 1991 596 2029 remediis
639 1991 901 2041 incipientem
946 2003 1114 2029 causam
1159 1997 1368 2042 occupant
1411 1997 1453 2029 et
1485 1990 1616 2029 odore
1649 1996 1856 2042 gustuque

220 2062 421 2113 quidquid
455 2067 519 2100 est
551 2062 666 2112 quod
699 2061 851 2100 alienat
884 2062 1045 2100 animos
1089 2060 1320 2112 repellitur:
1369 2068 1439 2101 aut
1477 2060 1675 2100 fomentis
1708 2067 1855 2100 contra

219 2130 346 2183 frigus
394 2132 659 2183 rigoremque
713 2139 944 2183 pugnatur,
996 2138 1067 2171 aut
1119 2132 1151 2171 si
1203 2145 1349 2183 parum
1404 2133 1614 2171 medicina
1666 2130 1854 2183 profecit,

221 2204 455 2241 uituuerunt
499 2202 665 2241 turbam
710 2209 750 2241 et
803 2204 889 2241 sine
941 2209 1050 2242 teste
1104 2203 1352 2242 ceciderunt.
1434 2203 1610 2254 prodest
1633 2189 1854 2241 ⁸morbum

220 2380 238 2410 '3
266 2378 351 2418 chd
492 2377 510 2405 Ῑι
540 2379 785 2419 comcompellit
922 2377 941 2411 Τ
969 2385 1164 2409 attenuatum
1193 2378 1325 2422 (prima
1352 2384 1362 2409 t
1389 2379 1497 2413 corr.)
1631 2378 1650 2406 Η
1676 2378 1852 2408 ualitudine

222 2437 245 2473 (i
273 2437 383 2476 cortu)
485 2441 586 2466 lamus
612 2448 740 2478 quoquc
766 2443 794 2468 et
821 2438 888 2467 sitis
915 2463 920 2469 .
951 2464 958 2471 .
987 2464 993 2471 .
1023 2438 1163 2469 incendit
1190 2438 1318 2467 animos
1343 2436 1506 2469 Inmerito
1536 2434 1642 2469 Gertz
1670 2440 1753 2469 aule
1779 2436 1853 2467 ideo

219 2496 334 2536 quibu<
362 2497 411 2536 (lh
440 2494 713 2538 [ranspommla
741 2502 878 2532 censen
902 2496 1060 2540 primum
1089 2495 1132 2529 (lc
1154 2494 1384 2539 fale'qate‘mee,
1412 2506 1485 2539 qua
1504 2506 1548 2528 ηε
1567 2494 1647 2528 bilis
1665 2499 1854 2528 moueatur

221 2553 299 2587 cibo
326 2553 562 2597 temperanda
588 2559 652 2593 est,
688 2554 829 2594 dicitur,
867 2554 997 2588 (Iee'ucle
1023 2555 1066 2588 (le
1090 2555 1190 2597 same
1215 2563 1259 2587 uc
1293 2554 1354 2587 siti
1377 2554 1410 2587 ln
1439 2554 1659 2595 vnez'uersemz,
1687 2553 1738 2587 acl
1761 2564 1854 2598 quae

219 2612 432 2655 reseruntur·
453 2610 581 2645 uerba:
613 2613 654 2643 ab
683 2614 838 2644 esuriente
862 2620 891 2644 et
918 2624 937 2643 a
962 2613 1087 2644 sitiente
1185 2613 1204 2645 l)
1223 2613 1326 2643 causiS
1356 2612 1384 2654 (s
1402 2611 1485 2655 dec.)
1591 2612 1626 2645 12
1647 2621 1694 2643 res
1722 2613 1748 2653 (s
1768 2611 1850 2647 deff)

322 2671 358 2702 12:
386 2672 518 2701 affectus
545 2670 663 2715 (prior
691 2672 703 2701 s
726 2672 837 2714 corr.)
946 2671 976 2703 li
1000 2671 1137 2712 epistola
1165 2671 1198 2712 (o
1218 2673 1328 2713 corr.)
1426 2672 1531 2702 oratio
1552 2669 1738 2715 plerique:
1769 2672 1851 2703 ratio

362 2730 397 2761 Ιαῐ
424 2730 553 2770 querela
691 2730 721 2763 11
755 2736 819 2761 tum
847 2731 1026 2775 siyuisicac
1053 2729 1169 2774 ipsum
1195 2728 1287 2763 illuc!
1320 2734 1459 2775 tempus
1492 2740 1562 2774 quo
1588 2729 1734 2774 primus
1766 2728 1855 2763 male‘

216 2799 344 2821 sensus
370 2799 435 2821 nos
460 2787 552 2821 subit
683 2789 719 2819 12*
747 2790 900 2830 impeium
1043 2789 1082 2821 13»
1110 2789 1242 2820 affectus
1270 2788 1390 2833 (prior
1417 2789 1431 2819 s
1453 2788 1563 2831 corr.)
1703 2789 1741 2822 ¹2]
1773 2794 1849 2820 nota

217 2849 365 2878 eueniunt
393 2852 487 2891 (Imm
515 2858 533 2877 a
561 2852 648 2881 tvm.)
772 2849 817 2879 ire
844 2849 964 2879 amoris
992 2848 1088 2892 (post
1114 2848 1159 2878 ire
1185 2846 1274 2889 ras.)
1374 2848 1416 2880 *23
1444 2848 1655 2878 ualitudinem
1684 2849 1708 2890 (i
1737 2856 1848 2889 corr.)
