1977 3231
405 153 508 179 DIAL.
530 153 577 180 v1.
617 154 672 179 AD
693 154 881 180 MARCIAM
902 155 955 180 DE
976 155 1295 184 CONSOLATIONE.
1341 160 1368 184 Ω.
1393 159 1432 185 10.
1654 165 1732 202 129

108 262 278 288 necesse
309 256 371 289 est
403 251 541 302 itaque
571 251 703 302 magis
726 264 984 298 consuamus,
1017 253 1084 304 qui
1107 254 1223 304 quasi
1245 267 1299 293 ex
1323 255 1535 308 inopinato
1557 255 1732 297 ferimur.

61 330 80 360 23
108 333 213 371 quae
256 320 386 359 multo
429 326 525 359 ante
566 321 731 373 prouisa
762 328 876 369 sunt,
920 321 1150 373 languidius
1182 324 1401 364 incurrunt.
1465 326 1524 365 uis
1556 333 1598 366 tu
1632 328 1734 367 scire

107 396 149 429 te
187 391 240 429 ad
280 391 414 430 omnis
447 391 685 443 expositum
719 392 822 431 ictus
855 399 965 432 stare
998 399 1039 432 et
1070 393 1136 432 illa
1167 408 1274 446 quae
1305 394 1406 435 alios
1438 396 1520 435 tela
1555 396 1733 437 fixerunt

107 462 212 500 circa
244 468 285 501 te
317 462 525 501 uibrasse?
579 462 689 502 uelut
723 477 885 502 murum
919 463 1095 515 aliquem
1120 471 1190 504 aut
1213 465 1432 505 obsessum
1456 467 1588 507 multo
1611 468 1732 508 hoste

106 531 244 571 locum
277 538 318 571 et
350 533 526 572 arduum
559 534 762 573 adscensu
794 534 1009 586 semermis
1042 535 1179 581 adeas,
1213 542 1392 588 expecta
1425 537 1570 576 uolnus
1603 544 1644 577 et
1666 538 1732 578 illa
1752 552 1766 573 5»

106 616 282 654 superne
324 602 505 642 uolantia
546 617 640 643 cum
683 604 843 656 sagittis
886 604 1057 657 pilisque
1095 619 1198 645 saxa
1231 606 1270 644 in
1303 612 1418 645 tuum
1453 615 1553 659 puta
1584 608 1731 648 librata

106 686 266 725 corpus.
337 675 528 725 quotiens
580 674 722 727 aliquis
765 676 818 714 ad
871 675 977 714 latus
1027 682 1097 714 aut
1148 690 1258 728 pone
1311 683 1473 728 tergum
1524 680 1730 727 ceciderit,

105 743 317 783 exclama:
355 758 438 784 non
471 745 651 797 decipies
684 760 761 793 me,
796 746 970 793 fortuna,
1003 760 1078 786 nec
1109 760 1300 786 securum
1333 754 1403 786 aut
1435 748 1728 800 neglegentem

105 805 328 866 opprimes.
389 816 474 854 scio
517 816 616 867 quid
657 829 801 868 pares:
855 816 979 856 alium
1023 818 1192 870 quidem
1234 819 1491 870 percussisti,
1543 820 1618 858 sed
1662 833 1729 859 me

57 891 74 923 4
104 885 252 937 petisti.
323 887 412 936 quis
463 899 661 938 umquam
715 900 780 926 res
821 901 915 926 suas
954 888 1070 939 quasi
1111 889 1314 940 periturus
1357 890 1578 941 adspexit?
1641 891 1730 941 quis
1753 902 1783 926 ιι)

105 969 301 1007 umquam
335 962 524 995 nostrum
558 958 611 996 de
644 957 789 1005 exilio,
823 958 876 997 de
909 964 1118 1011 egestate,
1161 960 1214 998 de
1248 959 1358 999 luctu
1390 961 1575 1012 cogitare
1608 974 1729 1000 ausus

103 1028 192 1065 est?
245 1026 335 1079 quis
366 1040 471 1074 non,
514 1027 547 1066 si
578 1028 854 1068 admoneatur
886 1035 930 1068 ut
963 1031 1144 1081 cogitet,
1187 1036 1402 1082 tamquam
1436 1031 1570 1070 dirum
1603 1045 1729 1070 omen

103 1102 270 1148 respuat
302 1103 343 1136 et
376 1097 414 1136 in
444 1098 579 1150 capita
621 1099 878 1138 inimicorum
911 1106 981 1138 aut
1024 1100 1148 1152 ipsius
1190 1101 1470 1153 intempestiui
1513 1102 1729 1141 monitoris

56 1172 76 1205 ι’)
103 1167 216 1206 abire
258 1166 323 1206 illa
364 1168 532 1207 iubeat?
585 1183 668 1208 non
712 1170 852 1221 putaui
894 1168 1088 1209 futurum.
1150 1171 1371 1223 quicquam
1414 1177 1457 1210 tu
1490 1178 1612 1224 putas
1644 1186 1728 1212 non

101 1236 294 1286 futurum,
327 1239 440 1290 quod
473 1239 637 1291 {multis}
672 1241 750 1279 scis
782 1254 906 1292 posse
928 1240 1024 1288 fieri,
1057 1243 1172 1294 quod
1205 1241 1344 1281 multis
1367 1243 1483 1282 uides
1516 1243 1725 1282 euenisse?
1751 1254 1780 1279 15

102 1308 316 1359 egregium
350 1323 516 1348 uersum
549 1316 591 1350 et
623 1311 796 1362 dignum
829 1312 897 1363 qui
930 1325 1012 1351 non
1046 1326 1068 1351 e
1099 1312 1259 1364 pulpito
1294 1313 1450 1352 exiret:

434 1383 550 1419 cuiuis
574 1388 697 1431 potest
725 1385 891 1420 accedere
922 1385 1024 1432 quad
1050 1386 1222 1432 cuiquam
1247 1383 1394 1433 potest!

101 1449 165 1489 ille
198 1451 332 1490 amisit
363 1450 541 1490 liberos:
588 1458 630 1491 et
673 1459 717 1491 tu
759 1453 950 1492 amittere
991 1460 1124 1506 potes.
1187 1453 1252 1493 ille
1295 1455 1518 1494 damnatus
1551 1462 1637 1494 est:
1685 1461 1726 1495 et

101 1527 173 1560 tua
213 1522 446 1561 innocentia
487 1523 564 1562 sub
596 1523 677 1562 ictu
710 1530 783 1563 est.
847 1537 961 1563 error
993 1524 1144 1577 decipit
1177 1524 1241 1564 hic
1273 1531 1315 1564 et
1347 1524 1582 1573 effeminat,
1624 1526 1723 1565 dum

100 1594 279 1645 patimur
319 1606 426 1644 quae
467 1607 694 1646 numquam
738 1595 820 1647 pati
864 1609 940 1634 nos
982 1609 1106 1647 posse
1148 1596 1416 1648 prouidimus.
1478 1596 1609 1636 aufert
1643 1597 1723 1636 uim
1745 1607 1778 1632 20

100 1663 386 1716 praesentibus
419 1664 536 1703 malis
567 1665 635 1717 qui
668 1664 801 1704 futura
833 1666 1058 1718 prospexit.

59 1737 68 1769 1
220 1734 270 1775 X.
324 1733 539 1787 Quidquid
572 1742 635 1774 est
667 1735 768 1783 hoc,
803 1736 971 1784 Marcia,
1004 1737 1119 1788 quod
1152 1737 1258 1776 circa
1290 1751 1367 1776 nos
1400 1742 1453 1776 ex
1487 1739 1723 1778 aduenticio

99 1804 250 1857 fulget,
292 1804 427 1853 liberi,
460 1805 653 1854 honores,
687 1820 799 1858 opes,
833 1806 972 1860 ampla
1004 1807 1107 1847 atria
1139 1813 1180 1846 et
1213 1807 1480 1847 exclusorum
1513 1808 1722 1848 clientium

98 1875 220 1915 turba
252 1874 401 1915 referta
434 1876 647 1924 uestibula,
681 1876 835 1916 clarum
870 1891 1035 1926 nomen,
1069 1878 1216 1918 nobilis
1249 1885 1320 1918 aut
1352 1878 1536 1919 formosa
1569 1882 1722 1922 coniux

99 1951 319 1998 ceteraque
352 1960 406 1986 ex
438 1947 593 1986 incerta
625 1954 665 1987 et
689 1947 832 1987 mobili
855 1954 969 1988 sorte
990 1950 1218 2001 pendentia
1239 1948 1357 1988 alieni
1381 1951 1722 2003 commodatique
1743 1960 1775 1984 25

99 2017 321 2069 adparatus
353 2023 458 2057 sunt.
501 2017 599 2057 nihil
631 2018 780 2058 horum
815 2019 928 2059 dono
963 2020 1102 2059 datur:
1141 2019 1365 2059 conlaticiis
1388 2027 1429 2059 et
1451 2022 1504 2060 ad
1529 2022 1722 2061 dominos

99 2087 287 2127 redituris
319 2089 604 2128 instrumentis
633 2102 784 2128 scaena
814 2090 1053 2145 adornatur.
1103 2090 1181 2129 alia
1213 2104 1267 2129 ex
1291 2090 1351 2129 his
1374 2092 1510 2142 primo
1534 2092 1611 2139 die,
1645 2092 1722 2131 alia

51 2163 70 2194 ‘2
98 2158 282 2197 secundo
326 2157 573 2207 referentur,
615 2173 747 2211 pauca
780 2174 910 2212 usque
942 2162 996 2200 ad
1030 2160 1153 2200 finem
1186 2162 1523 2212 perseuerabunt.
1582 2163 1722 2215 'itaque

105 2299 111 2330 1
145 2309 331 2329 corruamus
451 2300 505 2340 qui
531 2301 621 2340 quasi
650 2299 866 2334 deteriores:
888 2302 977 2341 quasi
1099 2300 1119 2333 ‘2
1146 2303 1275 2342 prouisa
1294 2300 1428 2347 Neap,:
1459 2303 1603 2344 perculsa

97 2356 117 2388 6
145 2357 288 2388 uolantia
314 2355 442 2402 zculqo:
472 2358 614 2390 uolentia
743 2360 878 2401 pilisque
904 2370 996 2392 unus
1023 2358 1263 2394 deteriorum:
1293 2361 1420 2402 pellisq3
1561 2361 1579 2395 Τ
1608 2363 1721 2403 aliquis

609 2425 653 2441 me

100 2450 227 2485 Gertz:
258 2452 379 2493 aliquid
508 2452 527 2485 9
554 2453 611 2484 sed
636 2454 741 2495 petisti
770 2460 834 2494 (me
860 2463 1045 2498 suprascr.
1073 2464 1116 2488 m.
1140 2460 1215 2499 pr.)
1352 2455 1386 2488 ll
1417 2459 1560 2487 nostrum
1587 2454 1717 2500 Neap:

97 2514 233 2541 uestrum
358 2510 399 2544 '12
427 2517 458 2541 ut
487 2509 712 2545 Gronom'us:
743 2519 772 2543 et
893 2513 929 2545 15
957 2513 1064 2544 multis
1089 2511 1235 2547 seclusit
1260 2511 1412 2558 Matlm'q
1526 2513 1569 2547 ’16
1596 2515 1719 2555 pulpito

97 2567 240 2613 Haupt:
269 2570 390 2610 populo
519 2571 615 2602 exiret
642 2569 803 2615 Lipsius.-
834 2572 877 2602 eri
905 2576 934 2603 et
1070 2571 1110 2603 15³
1137 2583 1224 2603 error
1253 2571 1464 2605 Pincianus:
1493 2579 1594 2604 terror

97 2627 217 2669 decipit
241 2628 295 2659 hic
322 2632 352 2659 et
380 2626 550 2672 Madm'q:
580 2630 711 2671 decipit,
739 2631 791 2661 hie
903 2630 946 2662 2⁴·
974 2631 1139 2672 puidimus
1166 2631 1237 2672 (pui
1265 2630 1298 2663 ίη
1326 2632 1411 2670 ras.)
1519 2632 1562 2664 *2⁴3
1590 2632 1718 2673 Quich

1019 2696 1034 2712 ss

230 2720 270 2754 ’Δί
301 2722 422 2753 clarum
449 2733 586 2763 nomen,
622 2725 741 2755 nobilis
768 2722 938 2768 ssladm'ss:
978 2725 1059 2760 clau
1086 2724 1205 2754 nobilis
1342 2724 1385 2758 ’36
1412 2736 1585 2766 apparatus

96 2814 137 2848 2?
167 2810 325 2858 redituros
429 2817 473 2849 215
501 2817 580 2858 itaq3
609 2828 672 2849 non
700 2822 745 2849 est
771 2818 817 2859 qd
844 2829 909 2850 non
935 2823 981 2850 est
1006 2819 1093 2860 quod
1121 2816 1287 2857 (alteram
1315 2830 1378 2850 non
1406 2823 1450 2850 est
1476 2820 1562 2860 quod
1589 2817 1718 2851 lineola

96 2876 307 2907 transuersa
335 2873 500 2917 deletum)

1415 2939 1433 2969 ‘J
