2008 3221
255 141 320 166 XVI
793 138 845 163 DE
866 136 1015 163 CODICE
1034 135 1351 163 MEDI'OLANENSI.

373 236 465 275 Hac
508 249 631 274 manu
675 234 803 274 altera
845 234 943 273 satis
982 232 1049 272 illa
1087 233 1256 283 antiqua
1299 238 1340 271 et
1382 232 1567 271 terminis
1610 231 1695 271 fere
1737 234 1888 273 saeculi

256 306 492 345 duodecimi
534 307 662 357 partis
694 305 840 356 prioris
872 303 1028 343 inclusa
1060 303 1115 342 ad
1148 304 1282 354 ipsam
1316 301 1444 341 fidem
1478 302 1697 355 archetypi
1729 303 1889 343 scribae

255 376 568 428 Longobardici
603 388 775 426 operam
810 386 964 424 magna
997 386 1094 411 cura
1125 378 1396 412 retractatam
1430 386 1522 412 esse
1554 372 1671 412 facile
1703 381 1889 427 apparet,

255 448 309 485 ita
342 452 385 484 ut
417 459 522 497 quae
555 445 619 484 uel
653 445 691 483 in
725 445 912 495 margine
945 442 1010 482 uel
1042 443 1148 482 inter
1179 442 1307 481 lineas
1342 442 1462 495 (haec
1494 444 1664 496 quidem
1698 445 1738 483 in
1771 458 1887 484 com-

255 517 458 555 mentario
501 522 646 555 nostro
690 516 829 554 critico
863 527 1030 566 quoque
1073 514 1160 552 sine
1191 514 1343 553 indicio
1376 527 1500 565 supra
1541 513 1691 554 lineam
1737 517 1891 567 scripta

254 587 397 625 habesl
431 587 590 625 addidit
624 586 863 632 mutauitue,
897 598 946 624 ea
977 584 1061 624 fere
1084 585 1236 633 omnia,
1272 585 1304 623 si
1334 598 1357 623 a
1380 597 1534 636 genere
1559 585 1890 638 orthographico

254 658 489 704 recesseris,
523 671 599 709 pro
634 656 996 695 emendationibus
1039 655 1236 694 habenda
1267 657 1349 695 sint
1382 662 1452 695 aut
1485 662 1599 696 certe
1632 670 1709 708 pro
1743 656 1889 697 lectio-

255 728 372 766 nibus
414 729 539 779 ipsius
582 727 798 779 archetypi
840 728 892 765 ad
936 727 1100 765 criticae
1143 727 1241 765 artis
1285 727 1466 765 rationes
1498 727 1890 767 adcommodandis.

255 797 398 850 Atque
431 804 476 837 ut
508 798 686 850 primum
721 798 774 837 de
807 797 1106 836 additamentis
1130 797 1246 836 unius
1268 796 1334 835 uel
1356 796 1533 849 plurium
1564 810 1718 836 uocum
1742 797 1890 845 dicam,

255 869 287 907 si
320 882 369 907 ea
400 882 506 920 quae
536 868 661 907 Gertz
694 882 732 920 p.
770 869 935 907 15—34
973 867 1173 919 conlegit,
1208 868 1452 907 breuissime
1483 881 1784 920 percurrenmS,
1817 869 1890 908 ad-

256 939 350 978 ditis
382 941 523 991 paucis
557 952 663 991 quae
695 938 759 977 ille
792 939 952 986 omisit,
996 938 1062 977 uel
1102 940 1290 977 maxime
1322 952 1448 991 quam
1482 952 1628 978 uerum
1660 939 1733 987 sit,
1776 939 1891 991 quod

255 1033 359 1080 dixi,
404 1033 592 1073 elucebit.
662 1036 695 1080 1,
733 1036 766 1081 1,
800 1033 823 1072 3
869 1046 944 1073 non
987 1037 1109 1072 mimas
1151 1046 1266 1083 quam
1299 1046 1401 1083 quae
1433 1008 1891 1084 aliemsl⁰⁰²⁸conspecta

258 1113 444 1149 miraculo
477 1116 566 1149 sunl
599 1110 651 1148 de
683 1111 858 1149 ueritate
891 1111 1005 1149 uocis
1038 1113 1132 1149 locis
1164 1110 1336 1149 omnino
1371 1109 1549 1149 dubitari
1581 1111 1748 1162 nequit3
1795 1113 1832 1159 3,
1871 1114 1886 1149 1

257 1193 358 1229 quae
403 1188 440 1219 m
483 1193 603 1219 uocas
649 1194 794 1230 aspera
839 1182 876 1228 (i.
910 1194 963 1219 m.
998 1194 1101 1230 quae
1133 1184 1307 1220 aduersa
1352 1188 1386 1220 et
1419 1183 1727 1229 abhominanda)
1762 1181 1893 1220 uerba

255 1252 398 1290 addita
430 1252 462 1290 si
495 1265 577 1290 uon
611 1253 843 1291 necessaria
874 1257 981 1299 sunt,
1023 1258 1065 1291 at
1098 1252 1286 1291 Senecae
1318 1253 1528 1304 ingenium
1563 1266 1734 1304 prorsus
1767 1252 1889 1291 redo-

255 1322 363 1369 lent3
403 1326 438 1369 3,
474 1324 496 1361 6
531 1325 671 1370 infelia·
703 1331 757 1362 est
782 1324 994 1373 Fabricius,
1028 1326 1135 1372 quod
1164 1336 1231 1361 νας
1261 1336 1382 1365 suum,
1416 1331 1599 1373 quamam
1634 1337 1658 1362 ιι
1691 1324 1892 1373 republica

255 1397 422 1443 teucrum,
451 1396 584 1441 foll'il?
616 1401 694 1432 lam
726 1407 810 1432 eccm
847 1397 998 1444 Pyrrho
1043 1407 1157 1444 quam
1201 1407 1286 1433 cum
1320 1394 1463 1433 diuitiis
1494 1398 1595 1444 yet-il
1636 1395 1674 1443 (i.
1707 1407 1759 1433 m.
1786 1396 1896 1443 quod

256 1465 405 1502 bellum»
450 1464 585 1503 uerbis
628 1465 781 1504 additis
824 1465 936 1506 nullo
981 1471 1108 1516 pacto
1152 1478 1293 1504 carere
1331 1464 1452 1513 licet3
1501 1469 1549 1513 3,
1594 1467 1617 1504 9
1653 1467 1760 1514 quod
1788 1467 1892 1503 illum

256 1536 519 1573 documenlmn
538 1539 756 1584 patientiae
774 1539 871 1584 feci(
885 1540 902 1575 ?
934 1537 968 1585 (i.
993 1549 1047 1574 rn.
1065 1539 1163 1584 fidei
1186 1539 1468 1575 docunoemmm
1492 1537 1531 1575 in
1553 1537 1892 1576 additamentum

257 1626 367 1663 idern
411 1624 522 1664 ualet
564 1630 689 1676 atque
728 1627 767 1664 in
802 1626 838 1671 3,
880 1628 925 1673 l;
973 1626 1010 1672 3,
1061 1628 1103 1663 11
1153 1628 1254 1664 idem
1289 1604 1355 1633 ΜΕ
1399 1633 1528 1664 lacem
1570 1629 1658 1665 licet
1700 1627 1892 1664 inmerito

258 1701 384 1741 Gertz
426 1701 515 1742 fore
559 1709 602 1741 ut
644 1716 728 1741 non
768 1715 893 1754 aegre
926 1715 1032 1741 uoce
1074 1705 1144 1741 iste
1185 1715 1422 1742 careremus
1455 1703 1590 1750 dixit;
1626 1706 1674 1750 4,
1720 1703 1742 1742 3
1776 1705 1810 1741 si
1841 1705 1895 1741 ille·

255 1777 399 1812 nullam
435 1777 638 1822 difficilior
680 1786 794 1812 casus
837 1776 942 1813 dedit
975 1772 1004 1827 (i
1041 1787 1094 1812 m.
1119 1771 1406 1827 occasionem);
1448 1776 1495 1821 4,
1535 1776 1576 1812 11
1613 1779 1895 1823 praeceptores

257 1847 320 1893 qui
357 1848 446 1894 plus
488 1846 632 1883 laboris
685 1846 734 1883 ab
777 1848 822 1882 iis
865 1848 1024 1893 exifflmt
1075 1844 1204 1884 uerba
1258 1847 1322 1894 qui
1363 1848 1452 1894 plus
1495 1857 1643 1883 manus
1686 1845 1893 1883 recentior

256 1917 561 1966 suprascripsit,
604 1916 720 1968 quod
753 1929 847 1954 cum
881 1916 996 1955 initio
1029 1916 1262 1954 admodum
1297 1915 1468 1954 miratus
1502 1928 1660 1962 essem,
1694 1915 1893 1967 quoniam

258 1986 532 2024 recentiorum
589 2000 786 2025 manuum
842 2000 1071 2038 numquam
1121 1991 1264 2026 tantae
1323 1986 1523 2025 bonitatis
1577 1985 1893 2025 emendationes

257 2063 370 2102 sunt,
424 2063 465 2096 et
518 2056 602 2095 fere
655 2057 903 2096 necessitate
946 2058 1129 2108 quadam
1184 2056 1249 2095 hic
1291 2070 1459 2108 quoque
1502 2056 1676 2095 alteram
1721 2069 1892 2095 manum

257 2127 402 2179 requiri
438 2127 748 2174 intellexissem,
782 2135 933 2180 postea
964 2129 1065 2175 uidi,
1100 2129 1233 2179 ipsam
1267 2128 1432 2166 alterius
1467 2141 1613 2166 manus
1646 2127 1892 2179 scripturam

257 2202 370 2247 qplm·
404 2199 641 2237 recentioris
674 2198 776 2237 illius
809 2199 1022 2238 inuolucro
1057 2198 1273 2237 obtectam
1317 2212 1429 2246 esse,
1472 2199 1529 2238 ita
1571 2204 1614 2237 ut
1656 2198 1721 2237 hic
1763 2196 1894 2237 simile

259 2269 451 2307 acciderit
485 2270 598 2320 quod
634 2273 679 2315 2,
717 2274 735 2308 4
769 2274 902 2319 ρυίὶα,
946 2270 1016 2309 ubi
1055 2283 1154 2308 saue
1187 2270 1392 2308 recentior
1425 2282 1572 2308 manus
1605 2268 1894 2320 suprascripsit

258 2342 332 2377 emi
354 2353 447 2377 cum
472 2353 617 2379 manus
630 2340 759 2379 altera
781 2341 894 2379 idem
915 2344 992 2380 enti
1012 2342 1094 2380 iam
1110 2346 1235 2379 antea
1247 2340 1534 2391 adscripsisset
1554 2340 1593 2378 in
1614 2339 1826 2390 margine3
1855 2342 1892 2386 ἶ),

259 2413 281 2448 ἴ)
317 2413 418 2448 Imm·
448 2442 486 2450 ..
524 2413 754 2449 Demetri..
789 2424 918 2450 uocem
961 2424 1019 2450 me
1051 2415 1203 2450 memini
1235 2412 1271 2459 (i.
1307 2424 1360 2450 m.
1395 2414 1564 2462 (accedisse)
1599 2423 1684 2449 non
1726 2415 1892 2449 tantum

257 2482 520 2519 temerarium
541 2487 650 2519 esset
670 2494 764 2519 cum
785 2480 953 2520 Gertzio
974 2482 1154 2521 scribere
1174 2484 1277 2521 hanc
1299 2484 1464 2531 Demetri
1479 2493 1610 2520 uocem
1630 2483 1793 2527 memini,
1816 2481 1893 2520 sed

257 2551 477 2598 uitiosum3
516 2553 552 2599 2,
588 2554 623 2599 2,
659 2553 681 2588 2
708 2555 832 2591 donec
865 2554 1087 2592 abs-tractus
1110 2556 1282 2591 comilem
1306 2565 1346 2591 se
1379 2555 1445 2591 diu
1472 2557 1717 2591 'suslcmalae
1755 2555 1894 2590 ruinae

257 2623 360 2659 (ledit
394 2621 431 2659 in
466 2623 652 2671 margine
687 2622 814 2661 uerba
846 2624 1069 2675 inportuna
1101 2625 1116 2662 l
1149 2629 1332 2672 arreplzcs
1364 2636 1449 2661 non
1472 2622 1602 2662 altera
1627 2635 1782 2670 manus,
1816 2623 1892 2661 sed

257 2692 460 2730 recentior
493 2692 734 2743 «Ἰὼ-61111511,
766 2695 802 2740 3,
841 2695 854 2731 1
883 2694 993 2732 idem
1018 2693 1127 2732 ualet
1160 2695 1200 2732 in
1224 2693 1559 2733 additamentum
1584 2694 1599 2731 ί
1620 2695 1822 2740 ueste‘lum;
1855 2693 1892 2740 6,

261 2762 282 2799 8
307 2775 383 2799 >nnn
410 2765 634 2810 Capitolium
660 2775 852 2815 arcemue,
879 2766 1020 2803 liabent
1044 2767 1118 2802 ista
1143 2767 1278 2803 hostile
1305 2767 1520 2813 fastidium,
1553 2765 1593 2803 in
1616 2764 1802 2815 margine
1827 2776 1892 2802 zce-

255 2834 403 2879 slissium
437 2846 488 2870 ne
521 2834 655 2883 ipsum
690 2834 859 2884 quidem
894 2848 1040 2873 manus
1073 2834 1263 2882 alterius,
1306 2836 1382 2874 sed
1415 2836 1655 2874 recentioris
1689 2840 1774 2882 est,
1807 2847 1891 2887 quo
