2008 3221
200 878 231 900 w

199 1233 231 1258 15

196 1585 230 1610 20

262 131 315 168 34
623 127 729 152 DIAL.
757 127 794 154 ΙΙ.
822 127 877 152 AD
904 127 1092 153 SERENVM
1119 128 1198 153 NEC
1224 128 1412 155 1N1VR1AM
1440 129 1519 156 NEAC

256 224 392 262 dium!
451 223 663 263 Chaereae
705 229 868 272 contra,
911 224 1080 263 tribuno
1123 224 1317 274 militum,
1360 239 1500 265 sermo
1532 240 1617 266 non
1649 240 1726 280 pro
1759 241 1885 267 manu

255 302 362 342 erat,
406 294 626 346 languidus
669 307 775 333 sono
821 301 880 341 et,
923 295 964 333 ni
996 294 1105 334 facta
1136 308 1294 344 nosses,
1327 297 1570 349 suspectior.
1632 297 1726 337 huic
1759 298 1886 338 Gaius

254 366 417 417 signum
461 365 618 416 petenti
662 365 795 404 modo
837 365 1033 414 Veneris,
1077 367 1208 405 modo
1253 366 1388 419 Priapi
1430 367 1560 407 dabat
1602 367 1719 408 aliter
1760 374 1887 421 atque

254 436 371 475 aliter
394 435 656 488 exprobrans
680 441 842 474 armato
867 435 1097 482 mollitiam.
1130 435 1235 476 haec
1257 437 1345 489 ipse
1366 437 1614 490 perlucidus,
1638 439 1888 492 crepidatus,

255 512 433 546 auratus.
496 506 636 557 coegit
667 506 807 558 itaque
838 506 952 545 illum
985 507 1044 546 uti
1075 506 1196 555 ferro,
1229 521 1282 546 ne
1314 508 1477 561 saepius
1509 509 1675 561 signum
1697 515 1882 562 peteret:

255 576 321 616 ille
353 577 510 629 primus
542 577 648 616 inter
681 577 917 616 coniuratos
950 591 1121 617 manum
1154 578 1335 626 sustulit,
1368 578 1434 617 ille
1466 580 1670 619 ceruicem
1704 581 1887 620 mediam

256 662 338 688 uno
384 648 466 687 ictu
510 648 675 688 decidit.
737 648 962 701 plurimum
1003 650 1155 688 deinde
1188 650 1372 701 undique
1402 649 1591 703 publicas
1623 664 1672 690 ac
1703 652 1888 703 priuatas

253 719 416 758 iniurias
459 718 741 758 ulciscentium
774 719 1011 771 gladiorum
1045 720 1256 772 ingestum
1290 724 1369 768 est,
1412 721 1488 760 sed
1520 721 1687 775 primus?
1711 722 1771 761 uir
1802 721 1887 770 fuit,

251 791 320 842 qui
354 790 523 829 minime
561 790 672 829 uisus
705 797 778 829 est.
841 797 884 830 at
926 792 1037 830 idem
1071 790 1198 830 Gaius
1232 792 1374 830 omnia
1405 791 1680 831 contumelias
1721 798 1885 845 putans,

255 867 299 900 ut
331 867 425 900 sunt
457 860 722 900 ferendarum
755 861 1003 914 inpatientes
1035 861 1318 901 faciendarum
1349 861 1621 915 cupidissimi,
1655 863 1782 902 iratus
1814 862 1889 902 fuit

255 932 468 971 Herennio
502 931 659 980 Macro,
693 933 809 984 quod
840 931 954 972 illum
989 932 1140 972 Gaium
1173 932 1437 973 salutauerat.
1490 947 1568 973 nec
1589 934 1742 986 inpune
1764 933 1888 973 cessit

253 1001 502 1056 primipilari,
536 1003 651 1063 quod
682 1001 913 1055 Caligulam
948 1004 1124 1043 dixerat.
1187 1004 1268 1043 hoc
1301 1004 1412 1043 enim
1444 1005 1483 1043 in
1516 1005 1659 1044 castris
1691 1010 1813 1043 natus
1846 1010 1888 1044 et

251 1074 445 1113 alumnus
477 1073 689 1125 legionum
723 1075 863 1113 uocari
890 1074 1068 1122 solebat,
1101 1074 1214 1130 nullo
1238 1075 1408 1114 nomine
1431 1074 1629 1114 militibus
1652 1074 1889 1114 familiarior

252 1158 450 1196 umquam
474 1144 617 1184 factus.
660 1145 736 1184 sed
758 1144 840 1184 iam
865 1143 1095 1197 Caligulam
1117 1146 1351 1184 conuicium
1376 1152 1417 1185 et
1439 1145 1642 1199 probrum
1666 1145 1888 1185 iudicabat.

252 1216 510 1255 conturbatis
554 1229 656 1267 ergo
699 1215 782 1255 hoc
824 1216 959 1268 ipsum
1003 1215 1160 1255 solacio
1199 1217 1291 1264 erit,
1335 1216 1495 1256 etiamsi
1532 1222 1677 1256 nostra
1719 1216 1889 1256 facilitas

254 1287 457 1326 ultionem
500 1287 704 1334 omiserit,
745 1286 929 1326 futurum
972 1286 1153 1338 aliquem
1185 1287 1253 1339 qui
1287 1300 1447 1339 poenas
1479 1287 1623 1339 exigat
1655 1301 1679 1326 a
1710 1300 1890 1339 procace

252 1365 294 1398 et
327 1358 509 1410 superbo
543 1364 585 1397 et
617 1357 825 1405 iniurioso,
858 1371 966 1409 quae
998 1358 1097 1404 uitia
1129 1371 1361 1410 numquam
1393 1358 1434 1397 in
1466 1371 1550 1397 uno
1583 1357 1754 1397 homine
1786 1364 1827 1397 et
1849 1358 1890 1396 in

251 1443 332 1468 una
355 1428 609 1468 contumelia
641 1434 953 1467 consumuntur.
1006 1428 1273 1480 respiciamus
1297 1441 1443 1468 eorum
1467 1428 1676 1480 exempla,
1705 1442 1885 1480 quorum

253 1500 472 1539 laudamus
514 1499 774 1552 patientiam,
818 1504 863 1538 ut
895 1498 1093 1546 Socratis,
1127 1499 1195 1551 qui
1229 1500 1547 1538 comoediarum
1578 1499 1815 1552 publicatos
1847 1499 1888 1538 in

251 1584 296 1610 se
330 1576 371 1610 et
403 1576 616 1623 spectatos
649 1569 756 1609 sales
789 1570 828 1608 in
860 1576 1024 1622 partem
1057 1570 1215 1609 bonam
1248 1570 1409 1623 accepit
1440 1570 1611 1623 risitque
1639 1584 1724 1609 non
1752 1570 1887 1610 minus

250 1655 375 1694 quam
431 1655 525 1680 cum
579 1641 633 1680 ab
686 1654 820 1680 uxore
862 1640 1106 1694 Xanthippe
1157 1641 1357 1680 inmunda
1406 1654 1515 1693 aqua
1555 1640 1886 1694 perfunderetur.

250 1712 492 1752 Antistheni
535 1717 669 1751 mater
713 1711 893 1751 barbara
935 1718 977 1752 et
1009 1711 1219 1752 Thraessa
1263 1711 1532 1751 obiciebatur.
1596 1712 1813 1764 respondit
1845 1717 1888 1751 et

249 1783 424 1823 deorum
458 1789 637 1822 matrem
669 1783 841 1822 Idaeam
875 1796 976 1822 esse.

370 1854 485 1894 XIX.
529 1855 626 1893 Non
659 1860 722 1893 est
751 1854 791 1892 in
813 1854 949 1893 rixam
973 1852 1410 1906 conluctationemque
1433 1853 1697 1892 ueniendum.
1739 1852 1886 1905 procul

216 1925 465 1965 :auferendi
504 1922 642 1978 'pedes
690 1930 787 1964 sunt
831 1930 873 1964 et
914 1924 1115 1977 quidquid
1157 1923 1309 1964 horum
1354 1924 1407 1963 ab
1451 1923 1769 1976 inprudentibus
1814 1922 1886 1963 fiet

252 1995 353 2045 (fieri
402 2003 543 2035 autem
586 1996 659 2035 nisi
702 1996 755 2035 ab
799 1996 1115 2048 inprudentibus
1158 2009 1243 2034 non
1285 1998 1443 2047 potest)
1487 1994 1801 2046 neglegendum
1844 1999 1886 2033 et

251 2066 435 2106 honores
467 2067 718 2119 iniuriaeque
751 2067 863 2118 uolgi
895 2067 933 2105 in
966 2066 1206 2119 promiscuo
1239 2065 1473 2105 habendae.
1535 2078 1612 2104 nec
1643 2064 1706 2104 his
1738 2063 1883 2104 dolen-

254 2140 356 2178 dum
400 2151 477 2177 nec
517 2137 592 2176 illis
635 2137 928 2190 gaudendum:
985 2137 1137 2189 alioqui
1180 2136 1311 2176 multa
1353 2136 1504 2176 timore
1537 2135 1883 2175 contumeliarum

252 2215 323 2248 aut
355 2209 495 2248 taedio
527 2208 759 2247 necessaria
791 2208 1034 2247 omittemus
1066 2207 1326 2260 publicisque
1359 2213 1400 2246 et
1432 2207 1602 2260 priuatis
1626 2205 1783 2255 officiis,
1815 2205 1884 2245 ali-

259 2351 265 2382 l
299 2351 442 2391 cherrex*
618 2355 730 2380 contra
749 2350 878 2380 tribuno
909 2347 1035 2382 Gerlz:
1066 2336 1236 2379 eoistbuno
1407 2348 1427 2380 “2
1456 2348 1628 2389 languidus
1655 2348 1704 2388 (us
1730 2346 1764 2379 2⁴11
1792 2347 1884 2387 ras.)

476 2428 492 2444 O
660 2415 676 2429 O

423 2458 441 2487 ,“;
470 2468 501 2486 m
527 2442 795 2497 uenerismpriapi
822 2455 1019 2500 (superscr.
1048 2465 1090 2487 m.
1119 2452 1195 2495 alt.)
1367 2455 1386 2485 §l
1414 2457 1549 2494 putans,
1583 2457 1615 2483 ut
1642 2451 1903 2496 Bonqa7·siu.s·,'

252 2514 393 2549 Haase:
423 2520 512 2557 putat
538 2520 567 2547 et
703 2515 741 2548 10
767 2516 959 2556 inpatientes
985 2512 1063 2547 cod.
1194 2513 1396 2554 cupidissimi
1424 2511 1621 2545 deteriores
1643 2525 1649 2544 ε
1670 2511 1887 2552 cupidissimis

387 2575 420 2607 ll
454 2575 583 2615 impune
717 2574 758 2607 ‘132
786 2573 993 2615 primipilarii
1129 2571 1162 2604 14
1192 2574 1300 2613 unqua
1328 2572 1384 2614 (un
1410 2570 1443 2604 iu
1471 2570 1559 2613 ras.)
1697 2569 1730 2601 15.
1759 2573 1887 2601 contur-

251 2646 337 2676 batis
363 2644 434 2678 EQ:
465 2646 673 2676 conturbatus
790 2645 830 2678 lli
857 2655 982 2685 qpenas
1105 2642 1139 2675 l'i‘
1168 2645 1297 2683 nunqua
1414 2641 1455 2674 ‘lb'
1482 2636 1677 2673 contumelia
1700 2642 1731 2682 (a
1751 2641 1884 2685 1t1.pr.)

374 2739 415 2771 v13)
443 2740 593 2770 Socrate<
713 2739 924 2780 qcomediau
1045 2738 1089 2770 24)
1116 2741 1144 2767 et
1171 2736 1349 2779 spectatos]
1377 2739 1565 2777 expectatos
1673 2736 1717 2768 :252
1744 2703 1887 2766 eihressa

363 2798 406 2831 {23
434 2798 541 2829 ideam
655 2797 695 2830 ‘35
727 2798 987 2828 colluctationem
1102 2795 1146 2829 25)
1173 2796 1263 2837 chd
1372 2795 1416 2828 ‘26
1444 2793 1703 2837 fipotest*(ras‚
1726 2792 1888 2837 sortasse

249 2856 388 2903 Jtmecle’)
509 2856 553 2890 (ΔΤ
588 2857 675 2897 uulgi
797 2857 1034 2897 impromiscuo

1913 234 1933 266 3

1911 796 1933 830 4

1916 1220 1935 1253 5

1910 2138 1932 2172 10
