1977 3231
57 329 77 362 4

321 146 425 173 DIAL.
447 146 500 173 IX.
538 146 593 171 AD
614 145 801 171 SERENVM
825 145 874 169 DE
895 141 1247 176 TRANQVILLITATE
1267 141 1394 167 ANIMI.
1433 143 1458 166 4.
1480 143 1506 166 5.
1641 144 1718 182 201

105 245 144 284 in
175 241 430 296 spectaculis,
462 242 501 280 in
534 241 729 281 conuiuiis
761 241 918 280 bonum
951 237 1305 285 contubernalem,
1337 235 1505 276 fidelem
1533 235 1724 282 amicum,

104 319 409 366 temperantem
451 312 671 351 conuiuam
714 316 822 363 agat.
885 309 1019 350 officia
1059 309 1155 348 ciuis
1192 308 1349 347 amisit:
1395 305 1572 345 hominis
1604 318 1722 344 exer-

104 369 206 423 ceat.
268 383 364 422 ideo
397 395 552 433 magno
585 382 723 420 animo
755 395 831 421 nos
863 394 947 420 non
979 381 1094 418 unius
1126 378 1237 418 urbis
1269 377 1488 417 moenibus
1520 375 1724 423 clusimus,

103 455 177 494 sed
209 454 249 493 in
281 453 407 493 totius
439 452 551 491 orbis
584 452 880 492 commercium
921 450 1130 489 emisimus
1161 449 1421 502 patriamque
1452 446 1572 486 nobis
1606 459 1723 485 mun-

105 524 204 563 dum
254 522 427 575 professi
477 536 639 570 sumus,
692 527 736 560 ut
784 520 925 560 liceret
965 520 1153 559 latiorem
1196 517 1334 558 uirtuti
1376 530 1571 570 campum
1615 517 1724 556 dare.

55 1250 74 1281 fi

54 1530 73 1563 x)

102 592 362 646 praeclusum
415 593 487 632 tibi
539 592 717 632 tribunal
769 598 832 631 est
874 597 916 630 et
957 590 1099 630 rostris
1139 588 1369 643 prohiberis
1411 593 1482 627 aut
1525 587 1721 627 comitiis:

103 664 261 716 respice
302 669 398 717 post
440 669 482 703 te
513 668 714 715 quantum
746 661 1037 701 latissimarum
1070 659 1287 711 regionum
1320 663 1481 710 pateat,
1524 663 1725 710 quantum

102 733 365 786 populorum.
428 746 656 785 numquam
704 734 762 772 ita
809 731 881 772 tibi
923 744 1078 782 magna
1118 743 1213 782 pars
1255 728 1514 776 obstruetur,
1556 734 1600 767 ut
1641 741 1725 767 non

104 805 236 844 maior
267 803 530 855 relinquatur.
572 804 648 842 sed
680 803 785 850 uide,
818 816 869 841 ne
901 806 1038 841 totum
1070 801 1180 839 istud
1213 805 1330 838 tuum
1364 798 1505 837 uitium
1537 798 1599 837 sit.
1641 811 1723 837 non

103 875 162 914 uis
205 876 315 914 enim
358 874 432 913 nisi
473 874 618 913 consul
659 879 729 913 aut
760 873 946 926 prytanis
978 878 1049 912 aut
1082 871 1255 911 meddix
1287 876 1357 910 aut
1388 869 1498 909 sufes
1529 868 1724 908 adminis-

102 952 211 986 trare
253 944 566 996 rempublicam.
628 945 727 997 quid
768 946 801 984 si
843 943 1017 983 militare
1054 941 1158 982 nolis
1189 942 1263 981 nisi
1295 941 1522 993 imperator
1553 945 1624 979 aut
1655 939 1723 978 tri-

103 1015 261 1055 bunus?
295 1017 454 1055 etiamsi
485 1014 548 1055 alii
579 1017 757 1067 primam
790 1014 970 1054 frontem
1002 1013 1215 1060 tenebunt,
1248 1018 1290 1052 te
1320 1023 1421 1051 sors·
1439 1011 1544 1050 inter
1565 1010 1725 1049 triarios

101 1086 296 1139 posuerit,
328 1087 423 1125 inde
455 1099 570 1134 uoce,
605 1085 910 1134 adhortatione,
944 1083 1154 1136 exemplo,
1186 1083 1326 1122 animo
1349 1069 1497 1121 milita}
1534 1081 1726 1133 praecisis

101 1170 269 1210 quoque
311 1157 500 1196 manibus
540 1157 605 1196 ille
646 1158 686 1196 in
726 1156 885 1208 proelio
927 1156 1100 1203 inuenit,
1143 1154 1257 1206 quod
1298 1152 1486 1206 partibus
1528 1150 1725 1199 conferat,

101 1229 170 1280 qui
200 1233 283 1267 stat
314 1233 457 1267 tamen
489 1234 531 1267 et
563 1226 746 1267 clamore
778 1227 899 1266 iuuat.
961 1225 1043 1265 tale
1075 1225 1276 1276 quiddam
1309 1224 1452 1263 facias:
1489 1223 1521 1261 si
1548 1235 1572 1261 a
1593 1222 1726 1273 prima

99 1306 142 1338 te
184 1298 430 1350 reipublicae
471 1304 590 1350 parte
631 1298 796 1338 fortuna
836 1297 1130 1344 summouerit,
1172 1301 1257 1335 stes
1295 1300 1437 1334 tamen
1470 1298 1511 1332 et
1543 1292 1724 1331 clamore

99 1371 212 1409 iuues
254 1375 317 1417 et,
359 1370 392 1408 si
434 1370 524 1421 quis
556 1368 694 1409 fauces
727 1369 1001 1421 oppresserit,
1043 1373 1129 1407 stes
1161 1372 1303 1406 tamen
1334 1370 1377 1404 et
1409 1364 1570 1403 silentio
1602 1365 1725 1402 iuues.

101 1453 328 1492 numquam
371 1439 517 1479 inutilis
560 1446 624 1480 est
665 1453 794 1493 opera
836 1439 932 1478 ciuis
974 1438 1084 1477 boni.
1146 1437 1310 1476 auditus
1342 1437 1555 1487 uisusque,
1598 1433 1725 1481 uoltu,

102 1517 223 1558 nutu,
277 1510 558 1550 obstinatione
610 1512 737 1550 tacita
784 1512 1027 1561 incessuque
1069 1509 1159 1560 ipso
1201 1507 1388 1559 prodest.
1450 1511 1495 1545 ut
1535 1503 1726 1543 salutaria

99 1582 307 1634 quaedam
340 1581 442 1621 citra
472 1587 640 1633 gustum
673 1587 915 1632 tactumque
947 1580 1080 1619 odore
1111 1577 1342 1630 proficiunt,
1373 1577 1432 1617 ita
1462 1576 1588 1615 uirtus
1621 1573 1723 1614 utili-

100 1658 232 1692 tatem
276 1652 403 1692 etiam
446 1665 500 1691 ex
542 1651 770 1704 longinquo
813 1658 855 1691 et
886 1650 1018 1690 latens
1051 1649 1192 1689 fundit.
1255 1649 1341 1687 siue
1372 1647 1573 1700 spatiatur
1605 1652 1647 1685 et
1679 1658 1724 1684 se

100 1723 225 1762 utitur
256 1736 331 1761 suo
364 1724 460 1770 iure,
492 1724 578 1761 siue
609 1723 818 1774 precarios
850 1721 979 1761 habet
1011 1733 1209 1760 excessus
1241 1720 1485 1771 cogiturque
1514 1716 1605 1755 uela
1626 1729 1723 1754 con-

100 1792 285 1841 trahere,
327 1794 414 1832 siue
456 1794 595 1833 otiosa
635 1799 834 1845 mutaque
876 1798 940 1832 est
981 1797 1023 1831 et
1065 1796 1243 1842 angusto
1276 1791 1598 1840 circumsaepta‚
1640 1787 1724 1826 siue

100 1865 321 1916 adaperta,
363 1866 401 1904 in
443 1877 708 1916 quocumque
750 1863 891 1902 habitu
934 1868 1019 1910 est,
1067 1862 1251 1913 prodest.
1314 1860 1438 1912 quid?
1491 1865 1534 1898 tu
1575 1871 1723 1910 parum

101 1933 198 1974 utile
239 1940 361 1986 putas
403 1934 648 1987 exemplum
690 1934 799 1974 bene
840 1934 1114 1985 quiescentis?
1167 1931 1292 1983 longe
1335 1932 1474 1982 itaque
1516 1929 1723 1981 optimum

101 2011 164 2044 est
206 2006 379 2044 miscere
417 2007 549 2045 otium
589 2004 733 2053 rebus,
778 2005 970 2056 quotiens
1003 2009 1175 2042 actuosa
1206 2003 1290 2041 uita
1321 2001 1611 2053 inpedimentis
1645 1999 1723 2038 for-

100 2077 210 2115 tuitis
243 2081 314 2114 aut
346 2077 523 2115 ciuitatis
555 2076 799 2115 condicione
832 2074 1130 2127 prohibebitur.
1192 2085 1420 2124 numquam
1453 2071 1562 2110 enim
1596 2084 1725 2122 usque

101 2159 151 2185 eo
183 2145 404 2185 interclusa
434 2152 529 2185 sunt
561 2146 712 2194 omnia,
746 2152 789 2185 ut
821 2145 919 2184 nulli
950 2144 1100 2184 actioni
1132 2143 1247 2182 locus
1278 2142 1483 2182 honestae
1514 2142 1577 2180 sit.

218 2216 270 2256 V.
333 2216 547 2267 Numquid
588 2222 711 2269 potes
749 2216 930 2255 inuenire
963 2214 1108 2254 urbem
1143 2213 1398 2252 miseriorem
1431 2225 1556 2264 quam
1589 2211 1722 2251 Athe-

100 2285 418 2334 niensium fuit,
452 2300 547 2326 cum
580 2286 689 2325 illam
723 2286 892 2338 triginta
923 2286 1087 2337 tyranni
1120 2284 1388 2324 diuellerent?
1423 2282 1532 2322 mille
1564 2288 1720 2321 trecen-

99 2363 166 2396 tos
199 2357 326 2405 ciues,
359 2358 566 2409 optimum
599 2371 807 2409 quemque
840 2357 1079 2396 occiderant
1111 2369 1187 2394 nec
1219 2354 1345 2393 finem
1378 2354 1474 2393 ideo
1508 2352 1724 2401 faciebant,

98 2489 118 2522 2
151 2488 258 2519 amisit
284 2484 499 2520 Pincianus:
529 2486 670 2517 amiserit
797 2484 817 2518 6
851 2486 992 2517 comitiis
1132 2486 1173 2519 10
1208 2486 1340 2517 meddix
1370 2485 1592 2521 Gronovius:
1630 2497 1725 2527 ceryx

219 2559 261 2592 11
290 2546 388 2591 ref.
514 2555 555 2589 114
582 2557 719 2599 inprelio
818 2555 860 2589 ’16
888 2557 997 2591 rei‚l’‚
1111 2557 1256 2588 clamore
1274 2558 1360 2589 iuues
1378 2555 1545 2591 Fe'clcert:
1568 2557 1620 2589 clft
1639 2558 1725 2588 iuues

140 2666 142 2670 y
220 2629 261 2663 18
303 2617 374 2670 0ρῆ
517 2630 642 2660 auditus
677 2627 892 2662 deteriores:
923 2628 1026 2658 aditus
1169 2629 1316 2669 nisusque
1343 2626 1508 2673 lllccdm'q:
1540 2629 1570 2670 ei
1603 2629 1720 2670 uisusq;

99 2689 145 2730 (εἰ
171 2698 249 2721 cnm
275 2698 408 2722 rasura
435 2687 535 2721 initio
562 2697 699 2726 uersus,
722 2686 885 2730 fortasse
908 2686 980 2731 fuit
1006 2688 1065 2729 est)
1187 2688 1232 2721 20
1263 2690 1424 2730 quaedam
1451 2687 1634 2722 Muretus:
1663 2699 1725 2729 que

217 2746 262 2779 ‘23
297 2752 433 2788 angusto
459 2757 529 2780 uon
556 2749 610 2781 est
635 2745 858 2786 adverbium,
892 2751 930 2780 ut
959 2745 1066 2780 Gertz
1093 2750 1213 2791 putat,
1247 2747 1313 2781 sed
1345 2747 1524 2782 ablatiems
1558 2746 1729 2781 adiectim'

216 2805 259 2839 24
288 2806 418 2847 prodest
436 2803 599 2850 Madm'q,
626 2805 944 2850 zmerpnmctz'onem
971 2805 1145 2840 enuntiati
1168 2807 1367 2851 superioris
1390 2805 1592 2843 emendans!
1614 2805 1645 2839 V
1646 2805 1727 2853 oqcl

102 2864 203 2909 apud
227 2865 361 2910 ipsum:
391 2866 492 2907 prosit
613 2864 657 2900 26
686 2866 925 2908 impedimentis
1045 2866 1089 2900 230
1116 2867 1231 2900 tiranni

1737 885 1778 910 ‘10

1749 1238 1777 1262 15

1745 1596 1777 1620 20

1745 1951 1776 1975 25

1745 2304 1777 2326 30
