1982 3267
594 173 818 200 PRAEFATIO
839 173 910 199 IOH
917 173 966 197 AN
973 172 1037 198 NIS
1059 171 1246 199 VAHLENI.
1715 171 1735 195 V

106 273 288 313 addendi
329 272 496 312 occasio
540 272 712 310 obvenit
753 277 824 310 aut
868 269 1096 308 necessitas
1139 278 1202 310 est
1245 270 1460 323 imposita:
1508 270 1659 309 etenim
1694 270 1735 307 id

104 351 272 403 quidem
297 349 486 388 Kochius
522 349 695 389 fideliter
727 357 949 390 exsecutus
982 357 1081 398 erat,
1113 355 1156 388 ut
1189 348 1422 399 ubicunque
1450 347 1548 398 quid
1572 352 1736 399 praeter

105 428 295 467 codicem
329 427 368 466 in
391 432 511 465 textu
536 427 753 477 posuisset,
787 428 840 466 de
863 428 947 466 eius
971 426 1210 466 testimonio
1233 424 1442 475 legentem
1467 424 1728 469 admoneret;

104 504 179 543 sed
223 516 314 541 cum
360 517 479 541 suum
523 503 763 554 exemplum
809 504 863 542 ad
895 503 1075 542 Fickerti
1108 502 1332 553 Haasiique
1374 500 1637 554 potissimum
1671 513 1731 537 re-

104 581 318 619 censiones
351 578 545 631 applicari
577 578 712 626 vellet,
746 593 871 631 saepe
900 579 999 618 olim
1023 579 1246 617 emendata
1269 585 1309 616 et
1332 577 1386 616 ab
1408 576 1482 616 illis
1506 576 1734 615 editoribus

104 661 273 707 recepta
305 669 410 707 quos
443 661 633 694 auctores
662 655 876 703 haberent,
910 656 1089 694 indicare
1111 655 1271 694 omisit:
1308 655 1419 706 atqui
1441 655 1592 693 iustum
1618 666 1730 691 com-

105 733 351 772 mentarium
395 732 498 771 haec
541 733 624 771 duo
666 733 818 784 pariter
861 733 1040 770 edocere
1078 738 1373 784 expectamus,
1417 736 1457 769 et
1489 730 1589 781 quid
1622 729 1733 776 liber,

104 810 216 848 cuius
250 809 333 848 fide
365 809 569 848 memoria
601 809 854 856 continetur,
888 809 1085 860 scriptum
1119 807 1339 854 exhibeat,
1373 815 1414 846 et
1446 807 1477 845 si
1510 807 1608 858 quid
1643 819 1731 844 cor-

105 894 263 925 rectum
298 892 360 925 est
392 886 478 924 sine
508 885 747 937 exemplari,
781 885 891 923 unde
920 885 962 923 id
984 885 1186 935 originem
1210 885 1345 924 ducat.
1409 883 1463 922 Et
1486 885 1523 922 in
1547 882 1734 922 Senecae

104 963 273 1013 quidem
304 961 479 1012 dialogis
512 961 652 1008 multa,
686 975 791 1014 quae
825 961 980 1000 codicis
1003 960 1275 1000 Ambrosiani
1307 960 1442 1000 scriba
1473 973 1600 1012 prave
1633 972 1731 997 exa-

104 1039 223 1085 ravit,
269 1044 457 1077 correcta
498 1037 704 1076 habentur
736 1039 774 1076 in
808 1038 893 1077 aliis
928 1037 1039 1077 libris
1071 1037 1139 1076 illo
1174 1037 1448 1076 deterioribus
1481 1043 1522 1075 et
1555 1048 1732 1087 quorum

104 1114 207 1153 haec
240 1129 321 1154 una
343 1114 494 1153 utilitas
527 1121 607 1162 est,
634 1116 749 1165 quod
782 1115 944 1153 mendis
978 1113 1128 1161 multis,
1161 1113 1384 1152 levioribus
1417 1113 1613 1157 maxime,
1647 1126 1731 1152 me-

105 1191 283 1230 dicinam
328 1197 484 1230 certam
537 1190 734 1239 asserunt,
789 1191 866 1230 alia
915 1191 1011 1230 inde
1055 1190 1108 1230 ab
1151 1190 1441 1241 antiquissimis
1484 1189 1733 1228 editionibus

104 1267 329 1313 emendate
386 1267 539 1320 scripta
591 1268 665 1306 sed
718 1267 829 1306 nulla
881 1268 1035 1306 codicis
1077 1267 1322 1306 auctoritate
1365 1266 1728 1311 circumferuntur;

105 1343 209 1383 haec
241 1349 282 1382 et
314 1357 420 1396 quae
452 1343 650 1395 paulatim
694 1358 717 1382 a
760 1345 894 1383 doctis
928 1344 1075 1383 criticis
1107 1350 1177 1383 aut
1216 1348 1328 1382 recte
1360 1349 1430 1381 aut
1462 1342 1733 1395 probabiliter

104 1426 260 1459 novata
292 1426 397 1467 sunt,
432 1420 627 1472 colligere
659 1426 700 1459 et
732 1421 769 1459 in
804 1434 879 1459 suo
912 1421 1094 1472 quidque
1126 1420 1220 1459 loco
1253 1434 1427 1472 ponere,
1461 1425 1547 1458 tam
1580 1420 1617 1458 in
1651 1419 1732 1457 hoc

103 1498 304 1548 scriptore
326 1510 452 1548 quam
475 1498 515 1536 in
537 1497 622 1536 aliis
646 1497 862 1549 plerisque,
895 1498 1083 1536 taediosa
1115 1497 1313 1549 imprimis
1346 1510 1440 1548 pars
1473 1503 1535 1535 est
1569 1497 1731 1543 edendi,

103 1586 228 1624 quam
263 1579 404 1612 tamen
438 1574 671 1612 detrectare
703 1587 778 1626 par
810 1587 892 1612 non
917 1580 979 1612 est
1000 1574 1033 1612 si
1054 1574 1122 1625 qui
1144 1573 1380 1613 satisfacere
1403 1573 1571 1611 editoris
1594 1571 1729 1611 officio

104 1650 225 1702 cupit.
289 1649 383 1700 Ego
416 1663 538 1696 vero,
580 1650 648 1701 qui
681 1650 788 1688 hunc
821 1651 1066 1702 scriptorem
1101 1649 1275 1689 multum
1310 1650 1490 1696 versavi,
1524 1649 1730 1687 latinitatis

104 1727 426 1777 cognoscendae
470 1739 593 1764 causa
627 1734 739 1770 (nam
782 1727 1022 1778 ceteroquin
1065 1727 1150 1765 eius
1192 1726 1404 1777 argutulas
1444 1725 1647 1764 sentiendi
1689 1731 1730 1763 et

102 1802 310 1841 scribendi
342 1803 514 1854 ineptias
547 1816 631 1841 non
663 1803 846 1841 admiror
879 1816 1014 1854 neque
1046 1806 1178 1850 amo),
1224 1804 1299 1841 sed
1332 1802 1482 1840 edendi
1516 1800 1728 1840 consilium

103 1892 330 1930 numquam
373 1879 548 1930 agitavi,
591 1892 640 1917 ea
677 1879 826 1931 quibus
858 1880 897 1917 in
929 1879 1010 1918 hoc
1042 1892 1196 1930 genere
1228 1878 1379 1918 Kochii
1413 1879 1728 1917 adnotationem

102 1955 281 2007 suppleri
315 1962 549 2007 oporteret,
583 1956 622 1994 in
654 1956 732 1995 hac
764 1956 900 1995 subita
932 1969 1061 2008 opera
1092 1970 1175 1995 non
1208 1957 1324 2008 potui
1356 1956 1430 1994 nisi
1462 1968 1516 1993 ex
1550 1954 1729 1993 Fickerti

103 2032 298 2082 congerie
330 2033 568 2079 corradere,
613 2031 723 2071 haud
765 2032 913 2071 dubius
945 2033 1041 2084 quin
1075 2033 1159 2071 eius
1192 2045 1370 2084 operosa
1403 2038 1443 2070 et
1476 2030 1729 2083 permolesta

103 2107 312 2159 diligentia
344 2108 633 2147 obscurandae
661 2109 717 2147 rei
741 2109 873 2160 magis
895 2123 1019 2160 quam
1045 2109 1321 2148 declarandae
1341 2108 1492 2147 idonea
1515 2120 1582 2146 me
1604 2120 1729 2159 saepe

103 2184 314 2235 deceperit
356 2185 540 2224 invitum.
612 2185 649 2223 E
680 2190 824 2224 textus
856 2184 990 2224 forma
1023 2184 1189 2224 Kochio
1221 2185 1401 2237 probata
1433 2183 1728 2229 nihilnmitaxri,

102 2260 176 2298 nisi
208 2261 322 2311 quod
355 2261 504 2308 semel,
548 2274 585 2312 p.
620 2266 656 2307 b,
691 2261 757 2308 27,
790 2263 1082 2309 coniecturam,
1115 2275 1241 2313 quam
1274 2260 1339 2300 ille
1371 2261 1409 2299 in
1443 2261 1632 2299 ordinem
1667 2273 1726 2298 re-

103 2342 282 2387 ceperat,
314 2340 460 2375 medico
494 2339 690 2385 obliquius,
723 2338 817 2389 quia
850 2337 946 2377 mihi
979 2338 1098 2377 nimis
1130 2338 1283 2377 incerta
1315 2338 1402 2377 visa
1433 2343 1508 2383 est,
1541 2337 1729 2375 restituta

102 2413 302 2452 tralaticia
334 2414 554 2465 scriptura,
587 2417 736 2453 meliori
770 2426 886 2461 casu,
919 2415 958 2452 in
991 2415 1309 2454 adnotationem
1343 2414 1484 2452 reieci:
1531 2415 1604 2452 sed
1637 2419 1726 2451 tum

101 2487 288 2528 nondum
320 2489 442 2542 plene
474 2490 572 2542 quid
601 2490 704 2529 haec
732 2504 841 2529 nova
863 2491 1048 2530 recensio
1070 2490 1194 2530 ferret
1217 2490 1481 2543 exploratum
1505 2489 1727 2533 habebam,

102 2572 250 2617 postea
291 2572 546 2618 pertractato
579 2566 718 2605 libello
751 2566 933 2605 intellexi
967 2567 1064 2606 mihi
1096 2581 1179 2606 non
1212 2566 1332 2606 licere
1365 2566 1468 2605 illius
1501 2565 1727 2605 rationibus

102 2655 241 2682 meum
275 2643 538 2695 interponere
571 2643 786 2682 iudicium:
824 2644 1046 2695 omniaque
1079 2643 1220 2696 reliqui
1253 2650 1296 2682 ut
1329 2643 1382 2682 ab
1416 2656 1466 2682 co
1500 2642 1727 2695 perscripta

101 2725 239 2766 erant,
281 2719 319 2758 in
362 2719 511 2771 quibus
554 2719 707 2759 inutilia
750 2719 866 2771 plura
907 2733 1014 2771 quae
1057 2719 1155 2759 mihi
1196 2720 1367 2771 quidem
1411 2720 1497 2758 visa
1549 2724 1642 2757 sunt
1686 2724 1726 2756 et

100 2796 308 2845 quaedam
351 2795 472 2847 plane
514 2808 712 2848 perversa
753 2802 823 2835 aut
865 2795 918 2834 ab
951 2796 1064 2835 omni
1096 2795 1392 2848 probabilitate
1424 2795 1571 2842 aliena,
1614 2794 1726 2833 velut

100 2884 137 2922 p.
173 2872 238 2918 37,
273 2872 295 2911 3
329 2884 532 2922 massasque
564 2875 712 2911 delirae
743 2875 878 2911 mentis
910 2886 1031 2921 apsens
1062 2879 1132 2912 aut
1165 2887 1202 2925 p.
1228 2874 1293 2920 54,
1319 2873 1370 2911 25
1398 2885 1566 2922 proram
1583 2884 1724 2920 parum
