1977 3231
609 160 713 188 DIAL.
736 161 784 187 IV.
824 162 877 186 DE
898 161 965 187 IRA
987 161 1057 188 LIB.
1080 161 1118 188 ΙΙ.
1161 162 1201 188 10.
1663 165 1715 205 63

94 257 208 309 quod
239 262 426 309 peccant,
447 257 623 296 irascere
645 256 882 297 infantibus:
920 257 1129 310 peccaturi
1150 263 1256 297 sunt.
1305 271 1403 296 num
1426 259 1515 310 quis
1536 259 1720 298 irascitur

35 333 39 338 '
92 329 238 381 pueris,
276 340 453 380 quorum
496 333 611 366 aetas
643 327 830 367 nondum
863 329 979 367 nouit
1010 341 1146 367 rerum
1180 328 1440 367 discrimina?
1493 329 1624 368 maior
1656 335 1718 368 est

46 407 66 442 3
93 399 308 438 excusatio
342 403 384 437 et
414 398 558 437 iustior
588 397 802 437 hominem
835 411 927 437 esse
958 411 1083 450 quam
1116 412 1302 450 puerum.
1363 399 1442 439 hac
1474 400 1718 439 condicione

91 469 175 508 nati
207 481 359 516 sumus,
391 467 581 507 animalia
613 467 802 508 obnoxia
832 482 917 508 non
948 469 1210 520 paucioribus
1239 471 1364 510 animi
1383 484 1509 523 quam
1533 471 1718 523 corporis

91 539 270 587 morbis,
312 552 396 578 non
439 540 607 592 quidem
652 539 802 579 obtusa
834 552 910 578 nec
941 540 1072 587 tarda,
1105 540 1180 579 sed
1212 541 1402 579 acumine
1431 546 1577 580 nostro
1609 540 1717 580 male
1737 556 1752 580 5

90 610 264 657 utentia,
307 609 411 649 alter
452 608 570 649 alteri
611 611 805 649 uitiorum
848 609 1055 662 exempla.
1117 611 1298 662 quisquis
1340 612 1522 664 sequitur
1559 612 1717 664 priores

91 679 200 719 male
231 681 306 718 iter
338 680 568 731 ingressos,
612 681 753 733 quidni
785 679 940 720 habeat
972 681 1298 729 excusationem,
1330 695 1424 721 cum
1457 681 1622 734 publica
1653 683 1718 721 uia

42 757 64 792 4
89 751 309 790 errauerit?
342 751 381 789 in
403 750 587 802 singulos
608 751 806 790 seueritas
828 751 1088 802 imperatoris
1111 751 1385 803 distringitur:
1422 758 1465 791 at
1486 753 1717 791 necessaria

89 821 209 860 uenia
241 826 315 868 est,
357 821 426 860 ubi
457 826 571 861 totus
603 821 784 860 deseruit
816 822 1032 860 exercitus.
1095 822 1194 873 quid
1226 821 1333 862 tollit
1363 823 1465 861 iram
1497 823 1715 875 sapientis?

88 891 211 931 turba
252 880 525 943 peccantium.
588 891 789 943 intellegit
829 905 956 943 quam
998 897 1040 931 et
1082 893 1231 931 inicum
1273 893 1325 932 sit
1367 898 1408 932 et
1438 892 1716 945 periculosum
1739 906 1770 931 ιο

42 968 62 1002 5
87 962 205 1001 irasci
254 961 422 1013 publico
464 962 575 1002 uitio.
660 961 893 1001 Heraclitus
946 963 1137 1014 quotiens
1190 963 1404 1015 prodierat
1458 970 1499 1003 et
1553 969 1716 1002 tantum

88 1032 194 1071 circa
233 1045 280 1071 se
322 1031 431 1071 male
469 1033 718 1080 uiuentium,
759 1033 889 1072 immo
923 1032 1032 1072 male
1065 1034 1324 1086 pereuntium
1356 1034 1535 1082 uiderat,
1577 1033 1716 1082 flebat,

88 1102 361 1142 miserebatur
414 1103 600 1142 omnium
655 1104 724 1155 qui
765 1103 841 1142 sibi
883 1103 979 1142 laeti
1020 1103 1240 1156 felicesque
1282 1104 1576 1153 occurrebant,
1629 1105 1718 1144 miti

87 1173 237 1221 animo,
269 1174 344 1212 sed
377 1174 496 1213 nimis
528 1173 742 1213 inbecillo:
780 1179 820 1213 et
852 1174 941 1226 ipse
972 1175 1077 1213 inter
1098 1173 1382 1228 deplorandos
1405 1180 1503 1214 erat.
1554 1175 1713 1214 Demo-

87 1244 232 1283 critum
275 1250 421 1283 contra
461 1245 573 1284 aiunt
611 1258 839 1296 numquam
881 1245 968 1284 sine
1009 1245 1090 1284 risu
1132 1245 1172 1284 in
1204 1244 1370 1298 publico
1403 1245 1550 1285 fuisse:
1606 1246 1715 1285 adeo
1740 1263 1768 1288 15

86 1312 185 1354 nihil
216 1313 271 1353 illi
303 1314 520 1354 uidebatur
551 1316 705 1355 serium
738 1329 894 1363 eorum,
928 1329 1035 1367 quae
1066 1316 1174 1354 serio
1207 1315 1470 1367 gerebantur.
1533 1315 1601 1355 ubi
1629 1317 1716 1355 istic

40 1390 60 1425 6
86 1384 169 1423 irae
201 1383 317 1424 locus
350 1387 435 1424 est?
477 1391 547 1424 aut
579 1386 755 1425 ridenda
787 1386 928 1425 omnia
965 1391 1036 1425 aut
1068 1385 1207 1425 flenda
1238 1391 1344 1425 sunt.
1406 1399 1490 1425 non
1521 1387 1718 1426 irascetur

86 1455 251 1508 sapiens
292 1456 573 1507 peccantibus.
635 1458 789 1508 quare?
843 1457 937 1508 quia
974 1457 1049 1496 scit
1087 1457 1297 1496 neminem
1329 1457 1442 1496 nasci
1472 1457 1716 1509 sapientem,

85 1526 161 1565 sed
192 1524 298 1574 fieri,
341 1527 417 1565 scit
448 1526 721 1579 paucissimos
754 1527 867 1566 omni
899 1539 1006 1566 aeuo
1039 1527 1236 1580 sapientis
1269 1528 1458 1575 euadere,
1489 1528 1586 1579 quia
1617 1541 1714 1567 con-

85 1597 291 1636 dicionem
324 1596 531 1636 humanae
552 1598 674 1640 ¹uitae
704 1603 968 1649 perspectam
1001 1596 1152 1637 habet:
1207 1610 1334 1636 nemo
1373 1603 1511 1636 autem
1544 1603 1715 1637 naturae
1735 1613 1767 1638 -ιο

84 1680 207 1706 sanus
238 1668 432 1706 irascitur.
485 1668 584 1719 quid
617 1668 737 1712 enim,
770 1668 803 1706 si
835 1668 971 1706 mirari
1004 1667 1101 1706 uelit
1132 1668 1279 1707 nonsin
1301 1667 1555 1707 siluestribus
1579 1668 1714 1707 dumis

83 1751 213 1790 poma
244 1738 451 1791 pendere?
504 1739 614 1790 quid,
647 1739 679 1777 si
712 1738 882 1777 miretur
913 1739 1075 1790 spineta
1107 1742 1330 1790 sentesque
1361 1751 1445 1777 non
1474 1737 1557 1777 utili
1579 1737 1714 1790 aliqua

39 1813 59 1848 7
85 1807 201 1860 fruge
233 1807 443 1861 conpleri?
486 1821 612 1848 nemo
635 1809 831 1856 irascitur,
864 1808 933 1847 ubi
956 1808 1100 1848 uitium
1122 1814 1269 1847 natura
1290 1807 1487 1848 defendit.
1528 1807 1714 1860 placidus

84 1879 222 1931 itaque
273 1879 437 1931 sapiens
489 1884 530 1918 et
572 1892 727 1931 aequus
770 1878 999 1927 erroribus,
1052 1892 1137 1918 non
1181 1877 1334 1926 hostis,
1385 1879 1461 1917 sed
1504 1884 1714 1918 corrector

83 1950 366 2001 peccantium,
418 1948 500 1989 hoc
547 1950 701 1989 cotidie
741 1950 933 2002 procedit
974 1950 1138 1990 animo:
1197 1948 1314 1988 multi
1356 1948 1455 1988 mihi
1496 1955 1713 1988 occurrent
1734 1966 1766 1990 25

83 2019 179 2058 uino
212 2019 358 2067 dediti,
400 2018 516 2059 multi
547 2019 774 2068 libidinosi,
809 2019 926 2059 multi
957 2020 1118 2071 ingrati,
1151 2018 1268 2058 multi
1300 2019 1422 2067 auari,
1456 2018 1572 2058 multi
1604 2018 1712 2058 furiis

83 2089 320 2129 ambitionis
352 2090 508 2142 agitati.
560 2091 700 2130 onmia
731 2091 809 2130 ista
835 2095 923 2129 tam
954 2090 1156 2142 propitius
1188 2089 1387 2142 adspiciet
1414 2103 1540 2141 quam
1562 2103 1712 2141 aegros

86 2253 98 2285 1
130 2253 323 2284 infantibus:
359 2254 524 2295 peccaturi
558 2257 629 2284 sunt
664 2252 804 2286 Haase:
843 2241 1026 2289 infantib;q
1052 2253 1216 2294 peccaturi
1251 2257 1321 2283 sunt
1441 2252 1460 2283 3
1487 2253 1635 2284 Editione
1661 2252 1708 2295 (in

1675 2306 1692 2322 u

82 2335 171 2377 ras.)
302 2337 321 2367 [ἱ
356 2336 436 2367 alter
469 2335 560 2366 alteri
593 2333 775 2368 Muretus:
813 2335 913 2366 altera
949 2335 1039 2366 alteri
1169 2338 1190 2366 δ’
1225 2338 1256 2366 at
1291 2334 1413 2377 (corr.)
1546 2335 1586 2367 10
1621 2335 1710 2373 inicsl

83 2394 114 2433 (u
147 2394 405 2439 suprascripsit
437 2398 471 2427 et
503 2405 520 2425 c
555 2393 588 2426 2'72
623 2405 644 2435 q
678 2393 827 2426 mutauit
861 2403 904 2427 m.
932 2391 1007 2435 all.)
1158 2393 1197 2426 ⁷123
1224 2393 1278 2424 leti
1305 2393 1414 2435 (corr.
1441 2391 1477 2425 in
1503 2392 1591 2434 ras.)

82 2460 100 2478 1.
111 2459 134 2476 e.
147 2458 296 2476 contrario

87 2487 126 2519 15>
153 2493 265 2519 contra
294 2487 492 2532 (suprascr.
518 2498 561 2520 m.
589 2488 676 2529 rec.)
759 2488 810 2519 sisi
839 2487 876 2530 (1‘1
902 2486 937 2519 in
964 2487 1050 2528 ras.)
1146 2487 1186 2519 115
1213 2490 1357 2527 eorfiquc
1385 2487 1435 2526 (uc
1461 2485 1496 2519 in
1523 2487 1613 2527 ras.)

83 2547 153 2578 istic
180 2547 245 2577 irac-
273 2544 488 2579 Pincianus:
520 2547 667 2578 isticcine
693 2547 799 2585 (ccine
826 2545 859 2579 in
887 2555 973 2584 ras„
1009 2543 1097 2589 qnid
1121 2549 1205 2579 ante
1226 2544 1343 2588 fueri!
1368 2555 1436 2578 non
1464 2550 1636 2589 affluerem
1674 2544 1707 2579 2⁸11

82 2605 244 2649 maraine
263 2615 306 2638 m.
326 2607 345 2637 4
365 2615 394 2637 c.
415 2605 462 2635 isti
482 2615 576 2646 scene
596 2605 753 2645 isticcine)
856 2605 896 2637 12»
917 2605 994 2643 fieri,
1021 2605 1080 2635 scit
1106 2603 1325 2648 interpunfsit
1346 2602 1451 2637 Gertz
1463 2615 1472 2641 3
1501 2603 1609 2648 uulsso
1630 2604 1707 2637 fieri.

958 2661 991 2682 es

82 2698 142 2729 scit
255 2699 343 2729 omni
370 2709 430 2739 euo
457 2699 503 2740 (ni
530 2709 547 2738 6
576 2698 609 2731 in
637 2700 725 2739 ras.)
838 2662 991 2739 sapiegtis
1018 2698 1218 2741 (suprascr.
1247 2707 1290 2731 m.
1318 2697 1405 2739 rec.)
1527 2698 1566 2730 521
1599 2698 1708 2728 inirari

83 2756 131 2796 (in
156 2767 258 2801 marq
285 2767 328 2790 m.
356 2759 375 2790 4
403 2768 430 2791 e.
458 2758 547 2798 irari)
685 2758 728 2790 Ὺ.)
763 2758 887 2798 spineta
915 2756 960 2798 (ta
987 2756 1097 2797 corr.)
1227 2756 1270 2789 ‘2:13
1305 2756 1462 2797 compleri
1596 2755 1639 2789 24
1674 2765 1707 2794 57,

82 2819 244 2847 corrector
271 2815 424 2857 (iuras.)
522 2815 649 2848 2311oe
676 2816 797 2864 cotidie
824 2815 921 2859 (post
946 2816 1010 2846 hoc
1037 2824 1122 2851 ras„
1150 2824 1190 2845 co
1219 2815 1325 2855 corr.)
1424 2815 1578 2855 procedet
1600 2812 1706 2848 Gerl:

176 2873 220 2906 2?
247 2874 380 2915 aspiciet
