2008 3221
243 127 323 165 190
627 121 732 148 DIAL.
748 119 828 148 VIII.
867 120 921 146 AD
943 119 1132 145 SERENVM
1153 118 1206 145 DE
1226 118 1333 147 OTIO.
1372 121 1398 146 6.
1421 122 1446 147 7.
1468 122 1493 147 8.

241 219 499 272 Chrysippus
548 223 590 257 et
632 218 790 257 Zenon.
851 231 937 257 non
988 216 1112 256 dubie
1159 217 1434 269 respondebis
1475 217 1534 256 sic
1574 217 1664 257 illos
1706 217 1869 266 uixisse,

239 290 602 344 quemadmodum
637 288 831 328 dixerant
865 301 955 327 esse
987 288 1235 327 uiuendum:
1273 290 1386 340 atqui
1417 301 1544 328 nemo
1576 287 1739 328 illorum
1762 302 1869 328 rem-

239 360 448 413 publicam
482 359 796 399 administrauit.
873 372 956 398 non
988 358 1086 407 fuit,
1131 359 1280 411 inquis,
1314 358 1389 399 illis
1422 365 1491 399 aut
1523 373 1573 399 ea
1604 358 1769 399 fortuna
1801 365 1872 400 aut

240 446 289 472 ea
323 431 514 483 dignitas,
548 444 656 482 quae
691 431 857 470 admitti
890 429 941 469 ad
971 428 1231 482 publicarum
1255 443 1391 469 rerum
1426 430 1718 470 tractationem
1751 430 1871 471 solet.

187 512 201 535 5
239 503 313 542 sed
346 503 469 541 iidem
503 500 767 540 nihilominus
801 514 885 540 non
908 513 1082 552 segnem
1105 512 1230 551 egere
1253 502 1402 540 uitam:
1439 501 1694 550 inuenerunt,
1724 515 1870 554 quem-

238 574 471 613 admodum
513 571 605 624 plus
649 573 764 624 quies
807 571 968 612 illorum
1012 570 1251 611 hominibus
1288 571 1511 624 prodesset
1542 586 1668 625 quam
1698 571 1871 612 aliorum

238 645 447 683 discursus
489 648 531 683 et
572 644 711 682 sudor.
775 642 878 695 e'rgo
912 642 1177 682 nihilominus
1209 641 1460 682 hi·multum
1490 628 1628 695 'egisse
1662 643 1734 683 uisi
1765 649 1872 691 sunt,

238 714 428 767 quamuis
460 713 557 753 nihil
589 713 754 768 publice
787 720 970 766 agerent.

355 785 446 825 VII.
502 785 723 825 Praeterea
768 786 846 825 tria
887 798 1043 837 genera
1086 790 1181 824 sunt
1223 785 1352 833 uitae,
1395 785 1501 825 inter
1532 799 1640 837 quae
1671 786 1788 838 quod
1820 786 1871 825 sit

186 867 217 892 ¹0
237 857 456 910 optimum,
489 857 629 908 quaeri
662 855 793 895 solet:
841 869 968 895 unum
1002 855 1207 907 uoluptati
1239 861 1371 904 uacat,
1404 855 1580 895 alterum
1612 855 1870 909 contempla-

236 929 356 976 tioni,
398 928 566 967 tertium
609 929 773 967 actioni.
838 929 1019 980 primum
1058 926 1252 978 deposita
1290 927 1561 966 contentione
1593 926 1882 979 depositoque

236 1000 348 1047 odio,
381 1000 497 1051 quod
529 997 773 1050 inplacabile
806 998 970 1037 diuersa
1001 997 1271 1050 sequentibus
1294 989 1526 1046 indiximus,
1561 998 1787 1047 uideamus,
1821 1012 1873 1038 an

235 1070 339 1110 haec
379 1070 615 1119 omnia,ad
659 1069 772 1109 idem
816 1069 893 1108 sub
937 1068 1016 1108 alio
1056 1075 1182 1121 atque
1214 1068 1295 1108 alio
1327 1068 1446 1108 titulo
1479 1071 1733 1121 perueniant.
1797 1083 1874 1109 nec

236 1140 312 1189 ille,
345 1143 413 1193 qui
447 1140 708 1193 uoluptatem
742 1140 907 1193 probat,
939 1141 1026 1180 sine
1060 1139 1415 1192 contemplatione
1448 1146 1522 1179 est.
1585 1145 1662 1179 n'ec
1693 1140 1772 1189 ille,
1803 1141 1872 1193 qui

185 1221 216 1246 15
237 1212 582 1265 contemplationi
624 1213 812 1260 inseruit,
856 1212 942 1251 sine
985 1211 1201 1264 uoluptate
1244 1217 1316 1250 est.
1386 1225 1463 1251 nec
1505 1210 1592 1260 ille,
1634 1212 1746 1251 cuius
1789 1212 1873 1251 uita

237 1284 468 1323 actionibus
502 1284 710 1324 destinata
731 1290 806 1331 est,
839 1283 926 1322 sine
949 1282 1304 1335 contemplatione
1327 1289 1389 1322 est
1456 1282 1696 1335 plurimum,
1726 1283 1870 1335 inquis,

237 1356 481 1395 discriminis
514 1361 587 1404 est,
622 1361 758 1394 utrum
792 1354 927 1406 aliqua
949 1367 1014 1393 res
1036 1354 1298 1407 propositum
1322 1355 1384 1402 sit,
1408 1367 1459 1393 an
1481 1354 1684 1406 propositi
1707 1353 1873 1394 alterius

236 1427 430 1467 accessio.
493 1427 545 1466 sit
588 1440 688 1466 sane
730 1425 890 1479 grande
929 1425 1172 1473 discrimen,
1215 1430 1358 1464 tamen
1401 1424 1577 1465 alterum
1620 1425 1707 1464 sine
1740 1424 1871 1464 altero

236 1511 320 1537 non
353 1504 441 1538 est:
478 1511 554 1537 nec
586 1497 651 1537 ille
683 1497 770 1537 sine
803 1497 966 1536 actione
999 1495 1325 1548 contemplatur,
1357 1509 1434 1535 nec
1465 1496 1531 1535 hic
1562 1495 1648 1535 sine
1682 1501 1870 1535 contem-

182 1577 216 1601 ‘20
236 1568 420 1621 piatione
453 1569 549 1621 agit,
582 1582 660 1608 nec
692 1567 757 1608 ille
788 1568 944 1615 tertius,
978 1568 1032 1606 de
1064 1581 1148 1620 quo
1182 1566 1290 1607 male
1312 1567 1553 1607 existimare
1575 1567 1871 1615 consensimus,

235 1641 496 1693 uoluptatem
529 1641 704 1679 inertem
737 1639 911 1692 probat,
944 1639 1020 1678 sed
1053 1652 1165 1685 eam,
1200 1652 1326 1690 quam
1360 1638 1519 1678 ratione
1553 1638 1676 1678 efficit
1707 1638 1872 1678 firmam

1898 1288 1918 1320 10

233 1712 320 1752 sibi.
384 1712 440 1752 ita
481 1718 523 1751 et
566 1711 670 1751 haec
712 1712 802 1763 ipsa
843 1709 1076 1763 uoluptaria
1116 1717 1232 1750 secta
1273 1711 1313 1750 in
1356 1715 1450 1749 actu
1495 1715 1566 1750 est.
1631 1710 1773 1762 quidni
1818 1710 1871 1761 [in
1899 1718 1918 1746 κ

233 1790 327 1823 actu
375 1781 486 1835 est]‘?
529 1796 624 1822 cum
667 1783 756 1834 ipse
798 1781 909 1821 dicat
950 1781 1154 1834 Epicurus
1196 1781 1420 1833 aliquando
1463 1795 1508 1820 se
1551 1794 1809 1820 recessurum
1849 1794 1873 1820 a

233 1854 470 1907 uoluptate,
513 1854 705 1893 dolorem
740 1853 866 1893 etiam
901 1853 1204 1905 adpetiturum‚
1248 1853 1279 1891 si
1313 1859 1383 1893 aut
1417 1851 1623 1904 uoluptati
1656 1851 1872 1891 inminebit

182 1931 217 1956 ‘25
236 1926 491 1977 paenitentia
532 1930 603 1964 aut
645 1924 767 1964 dolor
809 1925 945 1963 minor
976 1937 1053 1976 pro
1086 1924 1278 1976 grauiore
1310 1926 1524 1963 sumetur?
1578 1936 1662 1975 quo
1694 1923 1904 1976 pertinet.

233 1996 338 2036 haec
381 1997 545 2036 dicere?
589 2003 633 2036 ut
676 2001 877 2049 appareat
911 1995 1311 2048 contemplationem
1345 1994 1509 2047 placere
1542 1993 1735 2034 omnibus
1809 1992 1873 2033 alii

233 2072 383 2119 petunt
415 2066 551 2107 illam:
589 2066 709 2105 nobis
742 2066 846 2106 haec
877 2066 1015 2114 statio,
1047 2079 1132 2105 non
1164 2072 1309 2118 portus
1342 2071 1416 2105 est.

352 2137 461 2177 VIII.
516 2137 654 2177 Adice
687 2151 796 2177 nunc
831 2137 952 2190 [huc],
985 2137 1100 2189 quod
1133 2151 1155 2176 e
1188 2137 1280 2189 lege
1315 2135 1539 2190 Chrysippi
1571 2136 1710 2175 uiuere
1734 2136 1871 2176 otioso

233 2209 353 2250 licet:
400 2222 485 2248 non
529 2209 645 2256 dico,
688 2214 733 2248 ut
776 2209 906 2248 otium
940 2209 1138 2260 patiatur,
1171 2207 1245 2248 sed
1278 2213 1322 2248 ut
1355 2207 1489 2260 eligat.
1553 2214 1710 2259 negant
1741 2207 1873 2247 nostri

181 2287 213 2312 30
233 2281 465 2334 sapientem
519 2281 574 2320 ad
625 2279 855 2332 quamlibet
897 2280 1200 2332 rempublicam
1244 2292 1531 2327 accessurum;
1589 2279 1689 2331 quid
1731 2283 1871 2318 autem

246 2446 255 2478 l
297 2446 416 2480 Zenon,
453 2446 550 2477 dubie
579 2444 629 2486 (in
658 2444 821 2490 marqine
846 2456 890 2478 m.
919 2445 937 2476 2
965 2443 1110 2478 addidit
1135 2445 1213 2487 non)
1335 2446 1354 2478 2
1381 2444 1415 2476 νδ
1444 2430 1476 2479 f‘
1599 2443 1614 2475 -i
1655 2454 1692 2474 ea
1718 2443 1870 2484 dignitas,

235 2516 319 2546 quae
338 2502 437 2538 Koch
468 2505 624 2546 (dignitas
650 2516 698 2543 ea,
725 2514 809 2546 quae
833 2502 978 2548 ‘nul-qm:
1009 2515 1046 2535 ea
1072 2505 1214 2545 dignitas
1240 2514 1340 2545 eaque
1461 2503 1480 2533 Γ)
1508 2503 1592 2533 idem
1719 2500 1758 2533 10
1784 2502 1871 2542 queri

376 2564 412 2596 1‘2
440 2575 478 2594 an
507 2564 588 2595 haec
617 2562 707 2596 cleu:
740 2564 771 2594 in
796 2564 858 2604 hee
1011 2563 1049 2595 18
1086 2563 1265 2594 ῖι666ςςὶο,“
1300 2563 1339 2593 sit
1365 2573 1442 2593 sane
1473 2559 1581 2595 Gertz
1604 2548 1762 2592 ¹accessio
1796 2562 1870 2593 sit.“

238 2624 324 2654 Sane
349 2621 458 2666 nul-(10
603 2622 646 2655 22
681 2622 802 2663 quodni
836 2623 869 2653 in
896 2626 969 2653 actu
997 2625 1042 2653 est
1069 2620 1147 2655 cod.
1175 2622 1285 2662 quidni
1313 2620 1358 2663 [in
1385 2624 1457 2652 actu
1484 2621 1564 2661 estj?
1602 2618 1727 2654 Haase
1759 2621 1871 2661 quidni

237 2683 266 2713 in
303 2688 374 2714 actu
409 2683 473 2713 sit?
511 2679 694 2722 Muretus,
730 2680 796 2715 sed
828 2679 893 2714 illa
926 2680 995 2714 tria
1033 2679 1146 2715 uerba
1181 2679 1273 2714 male
1298 2679 1448 2724 repetita
1474 2689 1553 2713 esse
1578 2682 1731 2724 apparet

244 2742 287 2775 ⁴253
325 2753 396 2773 eum
426 2743 492 2783 ipse
520 2751 610 2774 emus
637 2739 740 2774 deth:
784 2752 881 2782 quam
909 2741 975 2781 ipse
1119 2738 1163 2773 ‘26
1198 2741 1258 2771 hec
1403 2737 1448 2771 ‘28
1482 2739 1543 2769 huc
1577 2736 1725 2772 induxit
1753 2736 1872 2772 Haase

237 2800 436 2834 secuudum
474 2798 633 2834 Senecae
669 2798 963 2834 comuelmlfuem
1085 2801 1128 2832 Ἃ)
1164 2804 1281 2840 negant
1316 2799 1407 2840 (gani
1441 2798 1475 2831 in
1504 2808 1593 2840 ras„
1628 2796 1758 2831 deinde
1782 2797 1872 2830 mztis

239 2871 369 2905 maylan
396 2859 538 2902 lamma)
