2008 3221
255 111 309 149 42
734 105 837 131 DIAL.
866 105 918 131 ΙΙΙ,
947 104 1000 129 DE
1026 104 1095 130 IRA
1121 104 1193 131 LIB.
1221 105 1243 131 I.
1271 108 1297 133 6.
1324 109 1348 133 7.
1376 108 1402 133 8.

255 203 305 242 ob
344 203 420 242 lcoc
460 216 532 242 nec
571 202 652 250 ira,
697 201 797 252 quia
821 207 963 252 poena
1005 200 1098 239 irae
1140 201 1338 241 conuenit.
1402 202 1444 240 sz'
1472 201 1542 241 uir
1580 201 1708 241 bonus
1740 208 1882 253 poena

256 288 336 313 non
372 272 543 324 gaudet,
589 285 669 311 non
705 270 914 322 gaudebit
950 284 1001 310 ne
1031 285 1077 310 eo
1101 271 1267 322 quidem
1290 271 1471 322 adfectu,
1507 272 1573 312 cuz'
1594 279 1737 325 poena
1769 274 1880 313 uolu-

247 344 365 395 ptati
393 350 478 382 est:
514 356 615 393 ergo
647 355 728 380 non
760 347 826 380 est
853 341 1066 380 naturalis
1097 341 1177 381 ira.

377 414 465 453 VII.
529 413 761 464 Numquid,
804 413 994 464 quamuis
1032 426 1116 452 non
1158 413 1209 452 sit
1251 413 1449 453 naturalis
1498 414 1573 462 ira,
1623 415 1885 455 adsumenda

221 505 235 527 5
256 492 328 533 est,
362 485 456 537 quia
488 483 594 522 utilis
635 496 763 535 saepe
805 482 904 522 fuit?
968 483 1135 523 extollit
1176 484 1336 523 animos
1369 490 1411 523 et
1447 485 1599 524 incitat.
1662 499 1740 524 nec
1771 486 1882 538 quic-

201 846 231 871 1⁴)

201 1199 229 1224 15

195 1556 227 1580 20

255 569 380 607 quarn
412 556 499 594 sine
531 553 598 593 illa
621 553 890 606 magnificum
923 554 962 592 in
991 554 1103 593 bello
1127 553 1328 593 fortitudo
1352 555 1469 606 gerit,
1501 556 1576 594 nisi
1597 555 1693 596 hinc
1714 556 1885 596 flamma

253 627 421 665 subdita
453 631 515 664 est
547 631 589 664 et
620 624 687 663 hic
718 623 906 664 stimulus
938 626 1189 677 peragitauit
1213 626 1405 677 misitque
1428 626 1467 664 in
1489 626 1670 678 pericula
1692 628 1884 667 audaces.

254 698 460 749 optimum
493 697 630 747 itaque
659 696 829 747 quidam
853 701 1001 747 putant
1033 702 1270 748 temperare
1293 696 1406 743 iram,
1439 710 1524 735 non
1555 697 1715 746 tollere,
1750 711 1885 750 eoque

254 768 443 806 detracto
486 768 602 818 quod
646 767 855 817 exundat,
900 767 954 805 ad
996 766 1221 806 salutarem
1263 767 1438 806 modum
1482 780 1658 818 cogere,
1700 768 1741 807 id
1783 782 1883 809 uero

252 838 439 886 retinere,
471 838 557 877 sine
589 851 673 890 quo
705 836 920 889 languebit
952 838 1060 876 actio
1093 844 1135 876 et
1168 838 1227 877 uis
1260 851 1308 877 ac
1330 839 1451 890 uigor
1483 839 1607 877 animi
1639 839 1885 879 resoluetur.

1912 424 1930 457 1

1917 839 2008 867 <Ausum

252 909 430 960 primum
460 908 613 948 facilius
652 914 714 948 est
747 908 975 947 excludere
1006 909 1237 962 perniciosa
1268 923 1395 961 quarn
1425 923 1585 961 regere,
1619 915 1660 949 et
1692 924 1777 950 non
1810 911 1881 950 ad·
1910 915 1931 949 2

252 980 416 1018 mittere
468 993 595 1031 quam
647 979 829 1018 admissa
882 979 1101 1019 moderari.
1164 993 1263 1018 nam
1316 994 1410 1019 cum
1453 993 1499 1019 se
1540 981 1579 1019 in
1621 982 1886 1032 possessione

250 1056 490 1102 posue1ur1t‚
523 1051 762 1103 potentiora
793 1056 956 1089 rectore
989 1056 1084 1089 sunt
1116 1064 1193 1090 nec
1225 1051 1351 1089 recidi
1383 1064 1428 1090 se
1460 1052 1640 1090 minuiue
1662 1053 1885 1104 patiuntur.

251 1121 403 1160 deinde
434 1122 539 1160 ratio
571 1122 679 1174 ipsa,
713 1121 777 1161 cui
807 1120 910 1160 freni
940 1122 1172 1169 traduntur,
1203 1122 1363 1160 tamdiu
1406 1127 1557 1174 potens
1590 1128 1653 1161 est
1665 1123 1886 1200 quamdiu

251 1193 419 1231 diducta
460 1198 523 1231 est
565 1192 618 1231 ab
661 1192 905 1232 adfectibus.
966 1193 998 1231 si
1041 1192 1203 1231 miscuit
1246 1206 1290 1231 se
1332 1192 1406 1231 illis
1449 1198 1491 1232 et
1524 1169 1768 1245 inq'uifiauit,
1801 1207 1886 1233 non

250 1269 390 1315 potest
423 1264 636 1303 continere
668 1277 774 1315 quos
806 1277 1074 1333 summouere
1106 1264 1321 1316 potuisset.
1365 1269 1581 1303 commota
1613 1266 1722 1303 enim
1755 1264 1886 1304 semel

250 1340 291 1372 et
333 1347 510 1373 excussa
552 1348 671 1373 mens
714 1349 765 1374 eo
814 1335 967 1387 per01t
1021 1348 1104 1386 quo
1150 1334 1366 1387 inpellitur
1438 1336 1699 1386 quarundam
1748 1349 1885 1375 reium

249 1405 359 1444 initia
397 1405 436 1444 in
478 1411 623 1445 nostra
664 1412 876 1457 potestate
912 1412 1029 1453 sunt,
1073 1405 1268 1445 ulteriora
1310 1419 1386 1444 nos
1427 1406 1465 1444 ui
1506 1419 1582 1444 sua
1614 1407 1777 1459 rapiunt
1810 1420 1887 1446 nec

249 1488 485 1526 regressum
524 1476 737 1516 relincunt.
800 1482 845 1516 ut
888 1477 927 1515 in
958 1490 1160 1529 praeceps
1204 1477 1311 1515 datis
1355 1476 1601 1528 oorporibus
1634 1476 1794 1516 nullum
1826 1477 1887 1516 sui

249 1547 461 1586 arbitrium
501 1553 564 1587 est
607 1561 684 1587 nec
715 1549 905 1587 resistere
948 1548 1156 1587 morariue
1194 1547 1355 1587 deiecta
1387 1553 1634 1600 potuerunt,
1679 1547 1754 1587 sed
1787 1561 1884 1586 con-

250 1619 381 1658 silium
415 1632 542 1658 omne
575 1625 616 1658 et
647 1619 946 1671 paenitentiam
979 1618 1265 1658 inreuocabilis
1308 1618 1594 1670 praecipitatio
1636 1618 1812 1657 abscidit
1845 1624 1886 1658 et

228 1682 333 1729 ¹non
364 1690 458 1730 licet
492 1704 543 1729 eo
577 1703 661 1729 non
694 1691 921 1743 peruenire,
955 1703 1038 1742 quo
1062 1703 1146 1728 non
1179 1690 1236 1728 ire
1268 1689 1491 1744 licuisset—3¹
1511 1689 1566 1727 ita
1599 1689 1759 1728 animus
1783 1689 1814 1728 si
1846 1690 1885 1728 in

198 2272 231 2298 30

249 1762 372 1809 iram,
416 1775 604 1801 amorem
647 1761 833 1813 aliosque
876 1774 920 1800 se
952 1760 1126 1813 proiecit
1169 1759 1376 1808 adfectus,
1420 1773 1505 1798 non
1537 1760 1790 1811 permittitur
1822 1773 1883 1799 re-

250 1834 427 1886 primere
460 1834 657 1885 inpetum.
721 1832 854 1885 rapiat
885 1831 999 1870 illum
1043 1836 1213 1884 oportet
1255 1836 1295 1869 et
1336 1830 1391 1869 ad
1424 1830 1554 1869 imum
1587 1837 1685 1881 agat
1717 1831 1885 1883 pondus

218 1923 230 1944 ·‚
251 1918 370 1943 suum
404 1910 443 1942 et
477 1905 670 1943 uitiorum
703 1909 851 1942 natura
886 1902 1091 1955 procliuis.

369 1975 478 2014 VIII.
514 1974 735 2027 Optimum
769 1981 832 2013 est
863 1974 1044 2026 primurn
1083 1973 1395 2012 inritamentum
1434 1972 1517 2011 irae
1550 1972 1737 2024 protinus
1770 1985 1881 2024 sper-

251 2060 347 2085 nere
380 2046 558 2098 ipsisque
600 2058 837 2098 repugnare
878 2044 1106 2083 seminibus
1149 2050 1190 2083 et
1224 2044 1324 2083 dare
1363 2056 1536 2096 operam
1570 2056 1622 2082 ne
1655 2043 1884 2082 incidamus

251 2117 288 2155 in
333 2117 445 2155 iram.
509 2129 606 2155 nam
650 2117 681 2155 si
725 2116 864 2168 coepit
906 2115 1013 2154 ferre
1054 2121 1336 2162 transuersos,
1392 2113 1565 2154 difficilis
1609 2115 1662 2153 ad
1705 2113 1883 2153 salutem

252 2201 438 2229 recursus
472 2194 555 2236 est,
597 2187 795 2239 quoniam
838 2186 936 2225 nihil
979 2186 1148 2226 rationis
1191 2191 1274 2234 est,
1318 2184 1389 2224 ubi
1431 2184 1561 2224 semel
1604 2184 1792 2224 adfectus
1824 2184 1882 2223 in-

254 2259 400 2297 ductus
435 2265 496 2297 cst
539 2258 682 2310 iusque
727 2257 778 2296 illi
812 2257 980 2309 aliquod
1025 2256 1241 2295 uoluntate
1274 2261 1416 2295 nostra
1449 2256 1595 2294 datum
1629 2261 1716 2294 est:
1763 2254 1884 2294 faciet

253 2329 305 2367 de
349 2336 488 2368 cetero
531 2335 733 2380 quantum
776 2327 911 2376 uolet,
955 2341 1039 2366 non
1081 2333 1285 2379 quantum
1327 2325 1575 2378 permiseris.
1648 2326 1688 2364 in
1729 2324 1882 2377 primis,

253 2401 437 2451 inquam,
481 2399 628 2437 sinibus
671 2398 803 2438 hostis
845 2398 1049 2437 arcendus
1084 2403 1156 2436 est.
1196 2390 1317 2436 ‘nam
1351 2410 1446 2436 cum
1480 2396 1645 2435 intrauit
1677 2402 1719 2435 et
1750 2396 1883 2448 portis

251 2484 296 2509 se
329 2469 481 2517 intulit,
525 2470 700 2508 modum
744 2482 768 2507 a
810 2469 982 2521 captiuis
1014 2482 1099 2507 non
1131 2469 1290 2520 accipit.
1353 2480 1490 2518 neque
1533 2467 1643 2505 enim
1675 2467 1882 2519 sepositus

253 2547 315 2580 est
348 2541 506 2579 animus
541 2548 579 2579 et
601 2516 860 2579 extrinsecus
892 2529 1128 2607 speculatur
1152 2537 1353 2586 adfectu&
1387 2544 1431 2576 ut
1463 2536 1552 2575 illos
1585 2550 1670 2575 non
1702 2537 1883 2590 patiatur

253 2635 313 2637 7⁴7
371 2635 420 2637 ἡ
458 2635 478 2636 a
507 2635 519 2637 5
648 2615 671 2622 ‘r
996 2608 1074 2639 ‘10¹

261 2692 295 2725 13
324 2694 439 2733 posuer
467 2693 514 2736 (in
539 2692 611 2735 fine
638 2695 726 2733 ras.)
849 2695 973 2722 rectore
999 2696 1069 2722 sunt
1096 2689 1296 2723 deteriores
1321 2687 1500 2723 nonnulli:
1531 2694 1671 2720 rectores
1697 2695 1767 2719 sunt

261 2753 295 2784 ΙΓ»
324 2752 523 2788 abatlfcctib3
561 2752 588 2791 (s
610 2751 808 2794 superscr.)
1007 2749 1045 2782 l?
1074 2761 1112 2780 eo
1138 2750 1244 2791 pergit
1274 2746 1390 2782 Koch:
1420 2748 1544 2779 eiseruit
1574 2745 1653 2789 (sed
1678 2749 1702 2778 is
1729 2746 1763 2779 in
1791 2747 1882 2788 ras.)

1312 2802 1319 2818 I

450 2835 485 2866 1¹.»
512 2834 668 2864 relincunt
697 2834 727 2874 (c
754 2832 787 2865 z'n
816 2845 834 2874 ‘l
863 2832 973 2872 corr.)
1177 2832 1220 2864 22
1247 2831 1526 2872 nonr9*licuisset
1725 2830 1769 2862 2⁴5
1795 2829 1882 2870 091⁷)st

1912 1126 1932 1160 3

1912 1344 1934 1378 4

1910 2333 1930 2367 10
