2008 3221
160 920 189 943 10

158 1271 187 1296 15

154 1625 187 1650 20

155 1979 187 2004 ‘25

152 2331 185 2356 30

214 175 296 216 212
418 168 522 198 DIAL.
547 171 598 198 IX.
638 172 692 197 AD
714 170 901 197 SERENVM
924 170 976 196 DE
994 169 1346 204 TRANQVILLITATE
1366 170 1495 199 ANIMI.
1537 172 1579 201 11.
1601 172 1643 201 12.

211 271 294 311 hoc
325 271 527 318 futurum,
569 275 633 317 et,
675 283 876 322 umquam
908 275 953 309 tu
984 268 1067 309 hoc
1109 274 1354 308 euenturum
1397 270 1670 310 credidisses?
1713 284 1841 323 quare

211 348 351 381 autem
394 343 506 380 non?
558 353 665 392 quae
707 345 801 379 sunt
844 340 1031 387 diuitiae,
1074 352 1177 391 quas
1218 344 1304 378 non
1346 344 1512 391 egestas
1555 346 1597 380 et
1635 340 1765 381 fames
1799 347 1840 380 et

212 412 456 451 mendicitas
488 425 513 450 a
543 416 665 462 tergo
698 411 923 462 sequatur?
966 423 1074 462 quae
1105 409 1298 461 dignitas,
1331 410 1443 449 cuius
1465 424 1551 449 non
1572 417 1838 463 praetextam

211 487 253 522 et
272 481 482 534 >augurale
514 487 556 521 et
587 480 677 520 lora
708 481 881 533 patricia
912 480 1059 520 sordes
1088 481 1340 520 comitentur
1362 486 1405 520 et
1428 482 1681 532 exportatio,
1713 488 1841 522 notae

211 559 252 592 et
285 552 395 592 mille
428 552 616 592 maculae
650 557 691 591 et
723 558 915 591 extrema
947 551 1236 602 contemptio?
1289 551 1406 602 quod
1440 565 1616 604 regnum
1649 558 1734 601 est,
1777 554 1841 593 cui

210 637 293 662 non
336 629 481 675 parata
522 623 573 662 sit
611 622 726 662 ruina
758 627 799 661 et
831 621 1091 674 proculcatio
1124 626 1165 660 et
1199 621 1394 660 dominus
1427 627 1468 661 et
1500 621 1711 663 carnifex?
1763 637 1841 663 nec

211 694 372 746 magnis
404 695 483 733 ista
514 691 738 733 interuallis
771 693 924 740 diuisa,
967 693 1043 731 sed
1074 691 1204 731 horae
1236 698 1500 732 momentum
1532 694 1704 733 interest
1735 694 1840 734 inter

209 764 357 805 solium
391 770 432 804 et
464 763 595 803 aliena
625 777 774 816 genua.
826 763 932 803 scito
955 775 1057 814 ergo
1081 775 1253 802 omnem
1277 762 1568 803 condicionem
1591 764 1839 804 uersabilem

211 847 301 874 esse
343 841 384 875 et
421 834 623 887 quidquid
656 834 695 873 in
728 833 856 873 ullum
888 833 1076 881 incurrit,
1117 845 1244 886 posse
1274 834 1315 872 in
1347 837 1391 872 te
1421 846 1592 887 quoque
1623 835 1838 876 incurrere.

209 904 395 958 locuples
437 918 506 944 es:
562 904 765 957 numquid
810 903 976 944 diuitior
1008 903 1241 956 Pompeio?
1295 904 1359 943 cui
1402 917 1496 943 cum
1529 903 1676 953 Gaius,
1718 910 1839 944 uetus

209 981 434 1027 cognatus,
483 974 638 1027 hospes
680 987 836 1022 nouos,
887 973 1115 1026 aperuisset
1158 972 1347 1013 Caesaris
1389 974 1586 1023 domum,
1634 980 1679 1014 ut
1720 988 1838 1014 suam

209 1045 414 1093 eluderet,
457 1044 587 1084 defuit
629 1045 767 1097 panis,
810 1058 928 1097 aqua.
991 1057 1085 1083 cum
1128 1049 1193 1084 tot
1226 1043 1396 1083 flumina
1426 1045 1661 1097 possideret
1692 1045 1730 1084 in
1763 1058 1838 1085 suo

209 1118 391 1165 orientia,
425 1116 464 1154 in
496 1129 572 1156 suo
605 1116 807 1163 cadentia,
841 1115 1096 1154 mendicauit
1128 1113 1341 1154 stillicidia.
1403 1114 1516 1154 fame
1545 1128 1593 1155 ac
1624 1115 1689 1156 siti
1719 1117 1840 1168 periit

208 1186 248 1226 in
290 1187 446 1239 palatio
489 1186 677 1238 cognati,
720 1185 820 1225 dum
859 1185 910 1225 illi
942 1185 1064 1225 heres
1095 1184 1307 1238 publicum
1339 1185 1458 1225 funus
1491 1186 1682 1226 esurienti
1715 1186 1836 1227 locat.

207 1257 437 1297 honoribus
476 1257 648 1296 summis
681 1256 845 1296 functus
880 1269 947 1295 es:
996 1256 1196 1308 numquid
1230 1262 1300 1295 aut
1332 1262 1419 1295 tam
1453 1257 1615 1309 magnis
1647 1263 1718 1297 aut
1750 1263 1837 1297 tam

207 1329 423 1381 insperatis
456 1334 526 1368 aut
558 1333 645 1367 tam
678 1327 876 1367 uniuersis
909 1341 1036 1379 quam
1060 1326 1261 1367 Seianus?
1305 1340 1391 1379 quo
1425 1327 1493 1366 die
1525 1327 1638 1366 illum
1671 1333 1838 1367 senatus

209 1400 465 1447 deduxerat,
507 1397 688 1451 populus
726 1400 766 1438 in
799 1397 928 1437 frusta
961 1397 1107 1437 diuisit.
1171 1398 1210 1436 in
1243 1411 1390 1450 quem,
1435 1398 1637 1450 quidquid
1670 1400 1841 1451 congeri

207 1476 396 1522 poterat,
439 1471 479 1510 di
522 1469 797 1522 hominesque
831 1468 1113 1517 contulerant,
1158 1482 1212 1508 ex
1246 1481 1296 1508 eo
1330 1467 1426 1508 nihil
1459 1467 1679 1521 superfuit,
1722 1469 1838 1521 quod

208 1540 392 1581 carnifex
425 1541 621 1581 traheret.
674 1554 749 1580 rex
784 1554 851 1579 es:
899 1553 982 1579 non
1016 1540 1070 1579 ad
1094 1537 1299 1579 Croesum
1332 1545 1375 1579 te
1397 1539 1574 1588 mittam,
1596 1541 1665 1592 qui
1687 1553 1838 1592 rogum

208 1627 327 1652 suum
361 1619 402 1652 et
433 1613 595 1652 incendi
627 1612 744 1651 uiuus
777 1617 817 1650 et
851 1611 1039 1662 extingui
1071 1611 1184 1659 uidit,
1217 1610 1349 1650 factus
1382 1623 1465 1650 non
1498 1624 1629 1663 regno
1662 1616 1838 1659 tantum,

207 1683 279 1723 sed
314 1684 438 1723 etiam
473 1683 598 1723 morti
625 1696 725 1722 suae
755 1688 975 1735 superstes.
1040 1695 1124 1721 non
1148 1682 1201 1721 ad
1223 1680 1480 1734 Iugurtham,
1513 1695 1637 1734 quem
1661 1681 1837 1735 populus

207 1754 425 1794 Romanus
467 1755 572 1794 intra
613 1767 789 1802 annum,
832 1766 959 1806 quam
1002 1753 1218 1801 timuerat,
1260 1752 1474 1805 spectauit.
1546 1752 1836 1792 Ptolemaeum

208 1825 376 1865 Africae
408 1839 564 1877 regem,
597 1824 827 1864 Armeniae
849 1823 1123 1864 Mithridaten
1156 1824 1261 1864 inter
1284 1823 1464 1864 Gaianas
1495 1823 1705 1863 custodias
1734 1823 1834 1862 uidi-

207 1910 323 1936 mus:
371 1895 474 1936 alter
506 1896 545 1948 in
579 1895 747 1935 exilium
782 1888 931 1934 missus
964 1900 1038 1942 est,
1072 1893 1176 1934 alter
1207 1901 1252 1934 ut
1284 1894 1460 1934 meliore⁴
1485 1893 1569 1933 fide
1592 1894 1836 1942 mitteretur,

209 1966 396 2020 optabat.
462 1966 500 2005 in
542 1971 661 2005 tanta
699 1979 835 2005 rerum
875 1979 1037 2005 sursum
1071 1979 1118 2005 ac
1152 1966 1349 2005 deorsum
1384 1966 1567 2004 euntium
1600 1966 1835 2004 uersatione

206 2038 238 2077 si
280 2051 364 2077 non
408 2037 609 2090 quidquid
652 2036 738 2076 fieri
780 2042 942 2090 potest,
985 2050 1062 2088 pro
1105 2035 1243 2076 futuro
1282 2035 1435 2084 habes,
1479 2036 1553 2075 das
1585 2036 1625 2075 in
1657 2041 1700 2075 te
1731 2035 1836 2074 uires

206 2109 330 2147 rebus
363 2109 560 2156 aduersis,
593 2121 696 2160 quas
730 2106 905 2158 infregit,
938 2107 1122 2159 quisquis
1154 2107 1268 2159 prior
1298 2106 1410 2146 uidit.
1742 2101 1744 2104 ’

324 2178 413 2217 XII.
467 2178 713 2217 Proximum
756 2177 810 2216 ab
854 2176 918 2216 his
961 2178 1056 2225 erit,
1100 2191 1152 2216 ne
1195 2183 1266 2217 aut
1308 2177 1347 2215 in
1380 2176 1644 2228 superuacuis
1677 2181 1747 2215 aut
1780 2189 1834 2215 ex

205 2263 462 2302 superuacuo
495 2248 748 2297 laboremus,
781 2249 822 2288 id
855 2254 929 2296 est,
963 2261 1014 2287 ne
1047 2262 1154 2300 quae
1183 2253 1252 2287 aut
1275 2261 1358 2286 non
1381 2261 1605 2300 possumus
1628 2247 1836 2300 consequi,

206 2321 571 2374 concupiscamus,
614 2326 684 2360 aut
717 2319 859 2371 adepti
891 2318 1119 2359 uanitatem
1153 2318 1440 2372 cupiditatium
1472 2323 1709 2358 nostrarum
1741 2329 1836 2357 sero

205 2508 225 2541 ‚²3
253 2510 398 2550 pretextfi.
424 2511 453 2539 et
480 2508 632 2549 augurale
658 2506 749 2547 cod„
776 2510 977 2549 praetextam
1002 2506 1189 2548 auguralem
1216 2503 1367 2550 Madm'q
1487 2504 1508 2538 4
1535 2505 1717 2547 exportatio
1744 2503 1836 2548 cod„

204 2567 412 2610 exprobratio
427 2564 579 2610 flladuiq
701 2567 720 2597 ἴ)
749 2566 837 2607 mille
950 2565 970 2599 9
997 2565 1119 2607 quich
1233 2564 1276 2597 14
1295 2565 1428 2605 cognati
1447 2562 1665 2597 deteriores:
1695 2569 1837 2605 cognata

327 2649 366 2682 lo
399 2630 452 2680 aut
479 2650 512 2680 ti}
538 2649 691 2680 uniuersis
719 2649 885 2690 (uniuersis
911 2647 946 2682 in
973 2649 1060 2688 ras.)
1184 2645 1227 2680 17
1262 2647 1395 2678 insrusta
1424 2645 1473 2689 (in
1499 2645 1663 2691 marqine
1687 2655 1731 2679 m.
1759 2647 1779 2678 4
1805 2655 1835 2680 c.

203 2708 330 2750 frustra)
453 2708 575 2749 quich
700 2707 742 2741 '1⁴⁸3'
775 2707 987 2748 hominesque
1014 2704 1233 2740 deteriores:
1263 2706 1412 2737 homines
1438 2716 1501 2746 quo
1632 2704 1675 2738 19
1710 2714 1834 2744 cresum

345 2765 389 2800 20
424 2766 553 2797 incendi
579 2766 668 2797 uiuus
696 2764 907 2799 Pincianus:
938 2765 1080 2796 escendit
1107 2765 1183 2799 iuss;
1331 2767 1471 2803 tantum,
1498 2764 1554 2794 sed
1580 2763 1677 2794 etiam
1703 2760 1831 2806 uulqoz

201 2841 293 2869 tanti]
313 2837 379 2868 etit-L
397 2834 474 2869 cod.
597 2836 637 2868 ‘21
660 2837 777 2877 supstis
897 2839 960 2877 (μδ
970 2860 976 2867 .
988 2841 1007 2875 p
1019 2860 1026 2868 .
1040 2825 1077 2866 ᾗ.
1193 2834 1411 2875 22[)ΐο1οη]ει“1
1535 2832 1578 2865 25
1597 2833 1707 2865 euntisl
1720 2844 1740 2862 «-

202 2895 245 2928 26
272 2896 392 2937 quic-qd

1868 773 1910 806 10

1868 1266 1905 1299 11
