1977 3231
586 145 688 174 DIAL.
710 146 758 175 IV.
798 148 852 174 DE
872 149 942 174 IRA
962 149 1034 177 LIB.
1057 150 1095 178 ΙΙ.
1133 153 1177 179 23.
1199 153 1242 180 29.
1674 163 1725 201 77

54 239 75 273 7
100 235 325 277 offenditur
366 239 542 280 dixerit:
592 240 697 281 haec
739 250 780 283 et
822 244 910 297 ipse
949 248 1149 289 commisi.
1211 250 1285 289 sed
1325 251 1393 290 ubi
1425 258 1513 291 tam
1546 266 1725 306 aequum

97 306 275 347 iudicem
307 308 516 350 inuenies?
568 311 600 351 is
642 314 711 365 qui
744 314 888 355 nullius
922 330 1006 356 non
1039 332 1217 358 uxorem
1263 323 1516 375 concupiscit
1554 329 1595 363 et
1627 325 1725 364 satis

96 376 222 417 iustas
254 391 400 419 causas
431 386 550 433 putat
582 384 772 432 amandi,
814 386 928 438 quod
970 387 1101 428 aliena
1138 395 1212 438 est,
1250 391 1362 431 idem
1395 407 1573 433 uxorem
1606 408 1724 434 suam

95 447 251 500 adspici
292 462 376 488 non
417 450 515 490 uult.
589 458 630 492 et
673 453 770 494 fidei
823 461 1052 498 acerrimus
1105 466 1279 500 exactor
1321 469 1383 501 est
1425 464 1618 516 perfidus.
1682 471 1723 506 et

95 518 313 558 mendacia
343 522 602 574 persequitur
634 524 722 577 ipse
754 526 951 578 periurus.
998 534 1040 567 et
1071 528 1186 569 litem
1218 531 1294 570 sibi
1325 532 1459 573 inferri
1491 535 1722 586 aegerrime
1742 554 1757 578 5

93 587 364 629 calumniator
414 592 578 644 patitur.
641 595 882 647 pudicitiam
937 598 1196 640 seruulorum
1248 615 1418 642 suorum
1471 604 1721 658 adtemptari

46 658 66 692 8
91 671 176 697 non
208 659 295 698 uult
337 661 404 713 qui
448 675 531 701 non
573 665 758 717 pepercit
800 680 909 707 suae.
972 668 1105 709 aliena
1136 671 1233 710 uitia
1274 673 1313 711 in
1345 673 1472 713 oculis
1505 674 1719 725 habemus,

91 741 114 767 a
155 734 277 782 tergo
320 738 460 772 nostra
501 740 620 774 sunt:
676 735 773 775 inde
815 743 898 786 est,
953 740 1069 792 quod
1111 743 1362 794 tempestiua
1413 744 1480 783 filii
1532 747 1720 786 conuiuia

87 805 209 851 pater
250 801 433 842 deterior
474 803 556 843 filio
600 806 776 858 castigat
819 814 861 847 et
892 808 990 848 nihil
1022 809 1180 851 alienae
1220 811 1408 853 luxuriae
1440 815 1617 867 ignoscit
1649 818 1717 869 qui

87 869 183 908 nihil
224 884 323 911 suae
364 875 528 924 negauit
571 881 612 915 et
653 875 889 918 homicidae
931 885 1132 931 tyrannus
1174 882 1359 923 irascitur
1391 891 1432 924 et
1463 886 1579 938 punit
1610 886 1717 926 furta
1741 905 1769 929 10

86 939 319 993 sacrilegus.
384 957 537 996 magna
568 959 664 998 pars
684 947 916 991 ,hominum
950 955 1013 990 est
1051 965 1158 1004 quae
1189 967 1273 993 non
1306 956 1488 1007 peccatis
1520 957 1714 1006 irascitur,

85 1011 160 1050 sed
211 1013 489 1064 peccantibus.
561 1015 681 1056 faciet
733 1032 809 1058 nos
862 1021 1167 1062 moderatiores
1219 1031 1433 1077 respectus
1485 1028 1635 1075 nostri,
1683 1029 1715 1068 si

84 1081 409 1123 consuluerimus
450 1099 553 1125 nos:
614 1090 815 1141 numquid
865 1096 906 1129 et
947 1091 1023 1143 ipsi
1065 1092 1218 1145 aliquid
1270 1095 1352 1135 tale
1405 1098 1713 1138 commisimus?

83 1153 284 1204 numquid
316 1154 374 1193 sic
405 1156 659 1196 errauimus?
693 1160 924 1212 expeditne
956 1161 1076 1201 nobis
1108 1163 1186 1203 ista
1218 1165 1444 1206 damnare?

38 1232 55 1265 1
200 1223 356 1263 XXIX.
389 1224 625 1266 Maximum
658 1230 889 1270 remedium
922 1231 1006 1271 irae
1039 1247 1158 1273 mora
1191 1242 1264 1275 est.
1315 1235 1397 1275 hoc
1432 1236 1485 1276 ab
1517 1237 1583 1277 illa
1614 1245 1711 1291 pete
1736 1257 1764 1282 15

80 1293 215 1342 initio,
266 1308 351 1334 non
393 1302 437 1335 ut
478 1297 688 1349 ignoscat,
742 1301 817 1339 sed
872 1307 915 1341 ut
960 1303 1122 1343 iudicet.
1185 1319 1334 1357 graues
1376 1306 1504 1347 habet
1548 1308 1710 1362 inpetus

79 1364 262 1416 primos:
308 1366 491 1415 desinet,
533 1369 565 1407 si
607 1377 817 1423 expectat.
879 1386 956 1412 nec
1010 1375 1243 1416 uniuersam
1285 1376 1396 1417 illam
1438 1381 1708 1431 temptaueris

32 1443 52 1476 :2
79 1433 248 1475 tollere:
294 1441 386 1476 tota
427 1438 632 1488 uincetur,
671 1441 775 1480 dum
817 1444 1005 1495 partibus
1048 1446 1236 1498 carpitur.
1300 1461 1355 1487 ex
1398 1448 1459 1488 his
1492 1463 1599 1502 quae
1630 1463 1707 1490 nos

78 1503 318 1554 offendunt,
350 1507 427 1546 alia
458 1510 742 1550 renuntiantur
773 1513 914 1561 nobis,
960 1515 1038 1555 alia
1070 1516 1145 1569 ipsi
1177 1518 1367 1558 audimus
1399 1526 1469 1559 aut
1502 1520 1702 1561 uidemuS.

78 1575 130 1614 de
177 1575 222 1615 iis
273 1591 379 1629 quae
430 1585 595 1619 narrata
645 1587 761 1630 sunt,
813 1597 898 1622 non
951 1585 1156 1626 debemus
1208 1588 1289 1627 cito
1333 1590 1528 1630 credere:
1584 1591 1701 1631 multi
1721 1607 1755 1632 20

77 1646 329 1686 mentiuntur
371 1654 415 1688 ut
457 1650 685 1703 decipiant,
729 1652 866 1701 multi,
909 1656 1004 1707 quia
1048 1657 1212 1710 decepti
1255 1665 1360 1699 sunt.
1423 1659 1524 1700 alius
1568 1661 1699 1702 crimi-

74 1716 247 1755 natione
283 1719 461 1769 gratiam
504 1727 644 1773 captat
687 1729 728 1762 et
781 1723 898 1776 fingit
940 1725 1147 1776 iniuriam,
1200 1735 1245 1768 ut
1289 1730 1478 1769 uideatur
1520 1732 1701 1772 doluisse

73 1785 237 1826 factam.
299 1795 362 1828 est
394 1788 536 1842 aliquis
569 1791 773 1844 malignus
807 1801 848 1834 et
879 1797 948 1848 qui
980 1798 1179 1838 amicitias
1211 1799 1471 1840 cohaerentis
1504 1802 1701 1842 diducere

74 1856 180 1896 uelit.
244 1864 306 1898 est
352 1858 588 1918 sssuspicaxs·
616 1869 657 1903 et
699 1865 767 1916 qui
805 1872 996 1917 spectare
1034 1867 1155 1907 ludos
1198 1874 1342 1923 cupiat
1379 1877 1420 1910 et
1452 1885 1506 1910 ex
1538 1871 1698 1924 longin-

73 1940 156 1978 quo
194 1933 370 1982 tutoque
411 1931 647 1983 speculetur
689 1948 795 1987 quos
848 1935 1019 1976 conlisit.
1083 1939 1136 1978 de
1177 1940 1351 1991 paruola
1392 1955 1557 1981 summa
1598 1944 1698 1982 iudi·
1720 1962 1753 1986 25

75 2002 218 2037 caturo
259 1998 333 2038 tibi
374 2013 440 2039 res
482 2002 568 2041 sine
611 2009 718 2043 teste
750 2019 835 2044 non
872 2007 1133 2059 probaretur,
1165 2011 1281 2050 testis
1314 2012 1400 2050 sine
1430 2013 1698 2053 iureiurando

73 2080 157 2106 non
198 2068 366 2110 ualeret.
435 2073 595 2125 utrique
635 2075 743 2126 parti
786 2077 907 2116 dares
949 2079 1178 2128 actionem,
1222 2081 1343 2121 dares
1384 2088 1570 2135 tempus,
1613 2097 1698 2123 non

72 2137 203 2177 semel
234 2140 408 2181 audires.
470 2143 603 2195 magis
636 2145 745 2184 enim
778 2147 929 2187 ueritas
963 2148 1097 2189 elucet
1128 2163 1213 2202 quo
1245 2153 1408 2204 saepius
1439 2154 1494 2192 ad
1527 2167 1697 2194 manum

70 2209 192 2248 uenit.
260 2211 439 2251 amicum
492 2214 750 2255 condemnas
802 2216 855 2256 de
896 2220 1211 2270 praesentibus?
1265 2228 1490 2275 antequam
1542 2225 1720 2278 audiaa-

69 2285 293 2332 antequam
327 2281 576 2335 interroges,
617 2292 843 2339 antequam
885 2287 937 2327 illi
978 2296 1049 2329 aut
1091 2299 1377 2332 accusatorem
1419 2307 1539 2334 suum
1572 2309 1697 2335 nosse
1716 2314 1750 2338 30

68 2347 188 2389 liceat
229 2357 300 2390 aut
331 2353 506 2402 crimen,
540 2355 753 2396 irasceris?
806 2358 888 2398 iam
922 2359 1054 2408 enim,
1096 2361 1177 2400 iam
1215 2363 1314 2414 quid
1347 2365 1553 2417 utrimque
1585 2366 1693 2405 dice-

21 2427 44 2462 4
69 2425 182 2458 retur
213 2422 388 2461 audisti?
422 2422 487 2463 hic
518 2425 605 2477 ipse
637 2427 706 2479 qui
737 2429 791 2467 ad
823 2434 865 2468 te
888 2430 1046 2479 detulit,
1079 2432 1240 2472 desinet
1272 2434 1420 2478 dicere.
1453 2436 1484 2474 si
1516 2436 1695 2488 probare

27 1934 46 1969 <20

67 2558 88 2592 4
116 2561 216 2602 aspici
338 2563 357 2592 Γ)
385 2565 543 2604 egerrime
570 2565 601 2608 (e
619 2566 730 2610 prim.
759 2570 869 2610 corr.)
1001 2571 1020 2603 (j
1048 2573 1231 2613 attemptari
1259 2573 1392 2619 (prima
1418 2579 1429 2605 t
1456 2576 1566 2617 corr.)

68 2616 89 2646 ‹Q›
107 2629 124 2650 a
143 2624 234 2661 tergo
255 2621 287 2661 (a
307 2627 317 2652 t
336 2620 371 2653 in
390 2622 476 2664 ras.)
556 2624 594 2657 155
614 2625 706 2666 aliqd
734 2626 769 2667 (d
787 2636 836 2660 ea:
854 2631 865 2657 t
885 2628 994 2669 corr.)
1074 2629 1114 2661 13
1135 2630 1179 2661 ire
1198 2629 1324 2675 (corr.)
1407 2633 1442 2664 lli
1461 2644 1576 2674 graues
1595 2635 1693 2665 habet

68 2677 191 2718 inpetus
216 2679 355 2722 primm,
389 2690 482 2724 quae
516 2681 551 2714 in
575 2681 699 2716 codice
722 2688 805 2728 post
831 2686 943 2717 tollere
973 2688 1044 2729 (18)
1073 2686 1249 2732 loquutur,
1276 2688 1346 2723 lenc
1371 2691 1556 2725 reuocauit
1586 2692 1691 2726 Gerr:

165 2736 206 2769 lb*
233 2737 308 2768 dum
329 2738 374 2781 (in
396 2739 482 2781 ras.)
581 2740 625 2774 ‘24‘
652 2743 799 2784 suspicax
828 2743 973 2777 seclusit
1002 2744 1136 2786 Haase,
1165 2758 1346 2789 supprocax
1374 2749 1522 2784 coniecit
1548 2750 1693 2795 Lipsius

162 2794 204 2827 Ἐξ)
231 2796 366 2836 paruola
391 2797 425 2839 (o
451 2798 486 2830 in
512 2810 531 2830 u
556 2799 666 2841 corr.)
765 2802 809 2834 2¹3
837 2803 887 2834 sin
916 2809 992 2835 teste
1020 2804 1055 2845 (ᾗ
1083 2803 1117 2837 in
1146 2805 1233 2843 ras.)
1333 2809 1377 2840 2³*
1404 2808 1504 2840 elucet
1532 2809 1563 2852 (e
1587 2809 1693 2854 prior

67 2852 176 2893 corr.)
304 2854 342 2887 :31
362 2856 450 2896 qnid
478 2855 623 2890 addidit
650 2856 766 2899 Curio,
793 2859 859 2894 sed
883 2861 1001 2894 malim
1029 2861 1143 2897 allero
1169 2864 1235 2895 iam
1263 2863 1377 2899 deloco
1405 2867 1468 2897 inm
1499 2868 1583 2898 enim
1610 2869 1691 2909 quid
