2008 3221
260 126 312 166 52
761 121 864 148 DIAL.
888 122 941 148 111.
979 122 1032 147 DE
1052 121 1120 146 IRA
1141 121 1212 148 LIB.
1235 122 1258 149 Ι.
1278 124 1321 149 18.
1346 124 1387 149 19.

258 220 424 271 roganti
465 226 631 270 tempus
673 217 843 270 aliquod
885 218 940 257 ad
982 218 1311 270 conquirendum
1354 231 1439 257 non
1472 219 1601 258 dedit.
1664 220 1886 259 damnatus

259 298 379 330 extra
411 289 563 329 uallum
597 289 826 341 productus
860 294 923 327 est
946 294 987 327 et
1009 288 1091 327 iam
1115 289 1318 328 ceruicem
1341 289 1596 341 porrigebat,
1628 304 1722 329 cum
1745 290 1883 329 subito

258 362 447 414 apparuit
498 360 564 399 ille
616 358 848 398 commilito
903 359 972 411 qui
1024 359 1183 398 occisus
1235 359 1467 398 uidebatur.
1547 366 1666 399 tunc.
1698 361 1883 400 centurio
1909 369 1931 403 4

257 431 457 484 supplicio
481 430 742 483 praepositus
766 429 950 468 condere
966 428 1152 481 gladium
1167 429 1473 482 speculatorem
1487 429 1615 479 iubet,
1638 431 1884 470 damnatum

222 511 236 535 5
257 503 310 541 ad
329 501 523 540 Pisonem
549 500 707 539 reducit
730 499 966 539 redditurus
982 499 1118 539 Pisoni
1135 500 1437 539 innocentiam:
1470 514 1568 540 narn
1588 501 1704 541 militi
1721 500 1886 541 fortuna

204 862 235 885 1⁴»

204 1219 233 1243 15

196 1571 228 1596 20

196 1926 230 1949 25

257 572 510 612 reddiderat.
581 571 739 622 ingenti
782 584 985 610 concursu
1029 570 1292 609 deducuntur
1333 569 1530 623 conplexi
1573 571 1677 610 alter
1708 571 1884 611 alterum

257 656 350 682 cum
390 655 546 693 magno
580 642 735 693 gaudio
769 647 1000 681 castrorum
1034 641 1351 680 commilitones.
1426 642 1669 681 conscendit
1707 641 1885 681 tribunal

257 713 393 752 furens
416 712 510 751 Piso
530 725 578 751 ac
601 712 715 751 iubet
739 712 832 751 duci
854 717 1088 764 utrumque,
1111 718 1152 751 et
1175 725 1269 758 eum
1293 713 1362 763 qui
1384 725 1470 750 non
1492 712 1701 751 occiderat
1723 718 1765 751 et
1787 725 1883 751 eum

256 784 324 836 qui
346 797 430 822 non
453 784 642 835 perierat.
684 782 784 834 quid
805 782 888 822 hoc
909 782 1138 834 indignius?
1169 783 1264 835 quia
1285 796 1389 822 unus
1410 782 1609 821 innocens
1622 789 1882 835 apparuerat,
1910 792 1929 825 5

256 856 340 894 duo
383 853 586 906 peribant.
648 853 743 892 Piso
786 853 936 892 adiecit
975 859 1017 892 et
1048 854 1228 892 tertium.
1288 866 1386 892 nam
1419 853 1553 905 ipsum
1587 853 1885 901 centurionem,

255 926 323 977 qui
367 925 611 963 damnatum
654 923 898 972 reduxerat,
941 924 1034 963 duci
1077 924 1203 963 iussit.
1273 924 1487 963 constituti
1529 929 1625 963 sunt
1656 924 1697 963 in
1729 924 1883 963 eodem

254 995 321 1034 illo
364 994 458 1033 loco
497 995 665 1047 perituri
697 1001 780 1033 tres
814 994 871 1033 ob
904 995 1021 1034 unius
1052 994 1345 1034 innocentiam.
1410 1008 1436 1034 o
1478 1008 1604 1046 quam
1643 994 1789 1034 sollers
1822 999 1885 1034 est
1911 1004 1931 1037 6

253 1066 461 1105 iracundia
503 1066 557 1105 ad
599 1065 818 1117 fingendas
870 1079 1014 1105 causas
1066 1064 1240 1104 furoris!
1311 1071 1370 1112 te,
1419 1065 1566 1118 inquit,
1612 1065 1704 1104 duci
1745 1064 1882 1112 iubeo,

255 1138 348 1188 quia
382 1138 605 1176 damnatus
639 1149 694 1175 es.
757 1142 820 1183 te,
861 1137 956 1188 quia
989 1149 1112 1175 causa
1145 1136 1423 1175 damnationis
1457 1135 1732 1175 commilitoni
1763 1134 1882 1175 fuisti.

253 1214 316 1255 te,
368 1208 462 1259 quia
512 1207 643 1246 iussus
697 1208 888 1246 occidere
941 1207 1183 1259 imperatori
1234 1220 1320 1246 non
1371 1207 1551 1259 paruisti.
1627 1207 1885 1258 excogitauit

253 1279 615 1331 quemadmodum
648 1278 725 1316 tria
758 1277 927 1317 crimina
959 1276 1125 1324 faceret,
1158 1277 1253 1329 quia
1284 1276 1441 1316 nullum
1473 1277 1698 1316 inuenerat.

372 1348 486 1387 XIX.
549 1348 710 1396 Habet,
752 1348 938 1400 inquam,
981 1348 1192 1387 iracundia
1235 1347 1318 1387 hoc
1361 1347 1484 1386 mali:
1542 1360 1628 1386 non
1666 1346 1752 1386 uult
1784 1347 1929 1399 regit

252 1420 437 1460 irascitur
478 1420 640 1458 ueritati
681 1419 773 1471 ipsi,
817 1420 849 1458 si
892 1424 1039 1458 contra
1080 1417 1340 1458 uoluntatem
1373 1431 1491 1457 suam
1524 1418 1725 1471 apparuit.
1788 1431 1882 1457 cum

253 1491 435 1530 clamore
480 1496 521 1529 et
563 1489 742 1529 tumultu
787 1495 828 1529 et
869 1490 997 1529 totius
1036 1489 1231 1542 corporis‘
1262 1489 1483 1528 iactatione
1522 1502 1628 1541 quos
1662 1489 1883 1528 destinauit

249 1562 474 1614 insequitur
517 1560 687 1601 adiectis
731 1561 924 1600 conuiciis
967 1558 1292 1611 maledictisque.
1361 1559 1444 1599 hoc
1486 1573 1572 1599 non
1610 1559 1706 1599 facit
1748 1560 1878 1599 ratio:

249 1633 324 1672 sed
356 1633 389 1671 si
420 1633 477 1671 ita
509 1645 613 1684 opus
647 1637 720 1680 est,
753 1631 876 1670 silens
908 1632 1129 1683 quietaque
1161 1636 1274 1670 totas
1308 1631 1460 1670 domus
1492 1629 1675 1670 funditus
1707 1629 1815 1669 tollit
1843 1635 1884 1669 et

249 1703 431 1743 familias
473 1702 724 1755 reipublicae
766 1701 1008 1754 pestilentes
1052 1715 1146 1741 cum
1190 1701 1434 1753 coniugibus
1477 1714 1526 1740 ac
1567 1700 1704 1740 liberis
1736 1701 1884 1753 perdit,

249 1780 361 1813 tecta
402 1775 490 1827 ipsa
530 1774 651 1813 diruit
684 1779 726 1812 et
758 1773 850 1813 solo
884 1778 1095 1825 exaequat
1128 1778 1169 1811 et
1201 1773 1365 1812 inimica
1396 1772 1575 1811 libertati
1607 1772 1778 1811 nomina
1810 1784 1883 1810 ex-

249 1846 397 1897 tirpat:
444 1844 527 1884 hoc
558 1858 643 1883 non
675 1843 870 1883 frendens
902 1857 981 1883 nec
1013 1849 1137 1896 caput
1169 1856 1371 1896 quassans
1403 1856 1480 1882 nec
1511 1843 1733 1895 quicquam
1766 1842 1882 1881 inde-

251 1928 394 1954 corum
427 1915 547 1954 iudici
579 1914 744 1961 faciens,
777 1914 889 1953 cuius
922 1919 1011 1953 tum
1045 1914 1232 1953 maxime
1263 1913 1451 1966 placidus
1484 1927 1576 1953 esse
1609 1912 1738 1952 debet
1770 1918 1812 1951 et
1843 1913 1883 1951 in

251 1992 360 2025 statu
376 1985 522 2032 uoltus,
546 1999 640 2024 cum
657 1998 811 2037 magna
823 1985 1074 2038 pronuntiat.
1118 1984 1335 2036 quidopus
1347 1990 1419 2033 est,
1443 1985 1574 2036 inquit
1587 1983 1885 2034 Hieronymus,
1912 1994 1932 2027 33

251 2069 342 2095 cum
376 2056 480 2095 nelis
512 2055 685 2094 [ardere
716 2055 913 2108 aliquem,
949 2061 1021 2094 lua
1045 2055 1174 2106 prius
1206 2055 1332 2094 labra
1364 2054 1590 2094 mordere?
1622 2054 1733 2106 quid,
1766 2054 1798 2093 si
1820 2053 1886 2093 ille

251 2127 420 2165 uidisset
462 2126 721 2166 desilientem
765 2127 819 2166 de
850 2125 1044 2165 tribunali
1076 2125 1373 2178 proconsulem
1407 2131 1448 2165 et
1480 2124 1613 2164 fasces
1646 2124 1781 2164 lictori
1814 2138 1883 2164 au-

253 2194 454 2236 ferentem
499 2204 539 2236 et
582 2203 744 2236 suamet
788 2198 1038 2237 uestimenta
1079 2197 1360 2243 scindentem,
1404 2197 1498 2248 quia
1529 2196 1687 2235 tardius
1719 2195 1883 2235 scinde-

1910 1567 1931 1602 10

198 2279 220 2297 Ἀ·
250 2268 401 2307 bantur
434 2268 590 2307 aliena?
651 2269 750 2321 quid
793 2281 898 2320 opus
931 2274 994 2307 est
1027 2281 1216 2307 mensam
1250 2269 1464 2306 euertere?
1508 2266 1607 2319 quid
1639 2265 1791 2318 pocula
1812 2266 1883 2305 ad·
1911 2273 1933 2307 4

252 2338 415 2389 fligcre?
469 2339 569 2390 quid
608 2352 653 2377 se
695 2339 734 2378 in
777 2339 993 2378 columnas
1036 2339 1278 2391 inpingere?
1332 2337 1430 2390 quid
1477 2336 1648 2389 capillos
1681 2335 1885 2375 auellere?

250 2407 382 2447 femur
424 2414 652 2461 pectusque
694 2411 938 2461 percutere?
993 2415 1193 2461 quantam
1226 2409 1328 2447 iram
1360 2413 1499 2460 putas,
1543 2419 1668 2459 quae,
1715 2407 1811 2458 quia
1842 2406 1882 2445 in

251 2479 374 2518 alium
408 2492 492 2517 non
526 2485 612 2518 tam
646 2480 728 2518 cito
762 2493 888 2531 quam
922 2479 1009 2518 uult
1041 2479 1231 2531 erumpit,
1264 2479 1304 2518 in
1337 2492 1381 2518 se
1411 2478 1651 2517 reuertitur?
1695 2482 1887 2515 tenentur

253 2550 391 2600 itaque
431 2563 454 2588 a
485 2550 688 2601 proximis
723 2556 763 2588 et
796 2556 1008 2602 rogantur,
1041 2556 1085 2588 ut
1117 2549 1194 2589 sibi
1226 2550 1301 2602 ipsi
1332 2548 1558 2601 placentur.
1621 2561 1798 2599 quorum
1833 2546 1887 2586 nil
1913 2556 1933 2587 ι’)

261 2724 297 2755 10
325 2724 508 2764 1›c1·i*bant
614 2725 649 2756 153
677 2726 737 2765 iqd
769 2726 802 2766 (d
823 2734 918 2759 corr.
947 2725 981 2757 ln
1007 2725 1029 2766 t)
1135 2724 1176 2757 18
1203 2725 1401 2756 uoluntatem
1429 2722 1561 2767 Neap.:
1592 2723 1791 2764 uoluptatem

254 2785 296 2814 ‘22
325 2784 471 2822 columba
504 2784 594 2827 (sus).
623 2796 641 2812 f)
666 2783 828 2825 s'orlasse’
855 2782 985 2817 lineola
1009 2782 1096 2827 fult)
1244 2782 1287 2816 ’ΒΗ
1314 2783 1416 2814 uultus
1562 2781 1605 2815 27
1633 2783 1748 2813 cedere

254 2840 298 2873 .‘;()
325 2830 480 2882 adfligere
508 2841 535 2880 (s
558 2842 756 2885 ,ςπμωκςι-Γᾨ)
888 2843 924 2875 :11
957 2847 1113 2883 ipungere
1247 2841 1289 2874 2³..4
1318 2842 1379 2873 sibi
1407 2841 1468 2882 ipsi
1496 2838 1574 2874 cod.
1603 2841 1663 2882 ip÷i
1690 2841 1751 2871 sibi
1778 2838 1887 2883 nul-qo
