2008 3221
174 864 203 888 10

170 1217 201 1243 15

173 1574 204 1594 20

226 123 309 161 242
491 118 593 145 DIAL.
616 118 651 144 X.
689 118 743 142 ΑΙ)
765 115 972 142 PAVLINVM
993 115 1046 141 DE
1067 114 1291 142 BREVITATE
1311 115 1440 142 VITAE.
1482 116 1522 142 17.
1545 115 1588 142 18.

224 216 516 269 procuratione
568 213 808 253 consenuit:
865 212 945 252 suis
998 211 1147 264 opibus
1200 212 1418 251 detinetur.
1491 211 1670 250 Marium
1718 210 1850 262 caliga
1877 220 1896 253 6

225 287 403 326 dimisit:
457 283 696 324 consulatus
745 289 926 324 exercet.
991 282 1184 334 Quintius
1227 282 1475 321 dictaturam
1517 288 1715 334 properat
1756 295 1847 335 per-

224 358 403 397 uadere:
458 355 511 394 ab
555 360 692 394 aratro
735 353 1008 394 reuocabitur.
1070 352 1144 392 ibit
1189 353 1228 391 in
1270 352 1435 391 Poenos
1477 353 1666 391 nondum
1709 358 1851 392 tantae

226 434 412 467 maturus
451 426 506 465 rei
539 424 692 477 Scipio.
755 425 888 464 uictor
921 422 1186 470 Hannibalis,
1229 423 1361 462 uictor
1393 422 1615 470 Antiochi,
1658 424 1719 462 sui
1752 436 1849 462 con-

225 498 379 536 sulatus
411 497 561 544 decus,
604 495 771 536 fraterni
803 487 1000 547 sponsor,
1033 494 1072 533 ni
1105 507 1179 547 per
1210 494 1345 546 ipsum
1380 506 1497 532 mora
1529 494 1592 541 sit,
1625 507 1718 532 curn
1752 493 1852 532 Ioue

225 573 473 621 reponetur:
521 567 658 606 ciuiles
697 571 954 605 seruatorem
989 565 1045 604 rei
1077 564 1267 617 publicae
1300 563 1521 615 agitabunt
1553 565 1778 604 seditiones
1810 569 1852 604 et

223 644 320 691 post
352 637 555 677 fastiditos
588 651 612 676 a
644 638 791 676 iuuene
823 636 886 676 dis
919 649 1076 688 aequos
1108 635 1290 674 honores
1323 635 1405 674 iam
1428 648 1572 674 senem
1596 635 1852 674 contumacis

224 709 318 749 exili
353 708 577 748 delectabit
611 707 797 747 ambitio.
861 720 1089 758 numquam
1123 707 1299 745 deerunt
1332 705 1397 744 uel
1429 704 1568 744 felices
1590 705 1654 745 uel
1678 706 1852 745 miserae

223 780 504 820 sollicitudinis
537 792 696 818 causae.
760 792 834 832 per
866 778 1162 830 occupationes
1196 778 1278 816 uita
1309 777 1509 817 trudetur.
1568 777 1699 816 otium
1732 790 1849 816 num-

223 865 350 903 quam
383 856 541 902 agetur,
574 863 741 901 semper
774 848 997 901 optabitur.

343 921 483 960 XVIII
559 921 754 972 Excerpe
796 921 936 971 itaque
978 925 1020 958 te
1064 918 1213 970 uolgO,
1257 917 1425 957 Pauline
1468 918 1697 965 carissime,
1741 924 1783 957 et
1814 919 1853 957 in

223 992 546 1044 tranquilliorem
599 997 767 1043 portum
821 1003 905 1029 non
957 1003 1034 1041 pro
1087 989 1235 1029 aetatis
1285 989 1420 1040 spatio
1462 990 1638 1028 iactatus
1679 989 1852 1028 tandem

222 1063 382 1103 recede.
445 1063 605 1114 cogita,
655 1067 758 1114 quot
808 1060 955 1100 fluctus
998 1060 1189 1107 subieris,
1241 1065 1343 1112 quot
1385 1065 1660 1111 tempestates
1701 1060 1852 1112 partim

222 1136 404 1187 priuatas
448 1133 708 1180 sustinueris,
753 1132 904 1184 partim
948 1130 1134 1183 publicas
1167 1131 1205 1169 in
1238 1136 1280 1169 te
1314 1130 1576 1170 conuerteris.
1641 1132 1738 1171 satis
1771 1132 1853 1171 iam

222 1219 296 1257 per
328 1204 539 1244 laboriosa
570 1211 611 1243 et
644 1203 827 1255 inquieta
858 1203 1112 1241 documenta
1146 1201 1333 1241 exhibita
1367 1201 1493 1240 uirtus
1525 1207 1612 1241 est:
1651 1202 1852 1254 experire,

223 1277 321 1328 quid
365 1277 403 1315 in
448 1276 535 1315 otio
569 1275 698 1314 faciat.
765 1276 897 1314 maior
940 1287 1035 1326 pars
1069 1274 1238 1320 aetatis,
1281 1278 1393 1311 certe
1427 1272 1574 1312 melior
1606 1272 1854 1326 reipublicae

223 1348 322 1386 data
356 1352 439 1386 est:
477 1346 630 1398 aliquid
663 1346 865 1397 temporis
898 1345 954 1383 tui
988 1357 1106 1383 sume
1139 1345 1263 1383 etiam
1297 1343 1381 1383 tibi.
1424 1357 1501 1383 nec
1533 1350 1574 1382 te
1603 1345 1656 1383 ad
1679 1356 1852 1396 segnem

223 1424 293 1457 aut
336 1418 509 1456 inertem
544 1417 726 1469 quietem
761 1428 896 1455 uoco:
939 1428 1023 1454 non
1056 1420 1100 1454 ut
1132 1427 1284 1453 somno
1318 1420 1358 1453 et
1391 1416 1493 1453 caris
1525 1414 1674 1453 turbae
1706 1414 1870 1467 uolup-'

224 1488 390 1535 tatibus,
422 1488 623 1539 quidquid
657 1492 720 1526 est
753 1487 791 1525 in
824 1492 866 1525 te
898 1485 1046 1524 indolis
1079 1485 1260 1533 uiuidae,
1293 1498 1472 1537 mergas
1534 1498 1618 1524 non
1651 1492 1713 1526 est
1744 1487 1854 1526 istud

225 1559 516 1610 adquiescere:
575 1558 755 1596 inuenies
810 1558 968 1596 maiora
1021 1555 1216 1595 omnibus
1268 1555 1406 1595 adhuc
1456 1558 1623 1595 strenue
1670 1557 1855 1597 tractatis

226 1630 443 1682 operibus,
485 1643 592 1680 quae
631 1629 836 1681 repositus
870 1634 911 1666 et
944 1641 1111 1666 securus
1144 1628 1286 1678 agites.
1349 1633 1392 1666 tu
1425 1628 1594 1680 quidem
1629 1628 1740 1667 orbis
1773 1634 1852 1668 ter-

226 1714 361 1739 rarum
412 1701 594 1739 rationes
637 1701 899 1739 administras
941 1704 1028 1737 tam
1073 1698 1330 1738 abstinenter
1371 1712 1497 1750 quam
1541 1699 1714 1747 alienas,
1767 1705 1854 1739 tam

226 1771 446 1822 diligenter
487 1785 613 1823 quam
647 1777 759 1818 tuas,
803 1776 888 1809 tam
924 1769 1114 1821 religiose
1146 1783 1271 1821 quam
1305 1769 1502 1821 publicas.
1567 1771 1606 1808 in
1639 1783 1684 1808 eo
1718 1769 1855 1809 officio

225 1855 413 1881 amorem
447 1842 724 1894 consequeris,
757 1842 793 1879 in
828 1854 911 1892 quo
946 1840 1087 1879 odium
1121 1841 1250 1879 uitare
1283 1839 1446 1879 difficile
1479 1846 1561 1879 est:
1598 1840 1671 1880 sed
1700 1848 1854 1889 tamen,

193 1926 205 1948 3
227 1913 324 1952 milii
368 1914 512 1960 crede,
555 1912 681 1951 satius
714 1916 776 1950 est
810 1913 918 1950 uitae
950 1924 1049 1950 suae
1082 1911 1285 1950 rationem
1318 1924 1444 1962 quam
1478 1910 1672 1951 frumenti
1703 1911 1854 1965 publici

226 1997 361 2024 nosse.
423 1984 544 2023 istum
579 1983 701 2022 animi
735 1983 946 2034 uigorem,
987 1995 1122 2021 rerum
1157 1983 1436 2021 maximarum
1471 1983 1797 2034 capacissimum,
1830 1997 1854 2022 a

353 2136 358 2167 l
393 2136 548 2166 detinetur
578 2133 650 2168 E2:
680 2135 761 2167 desti
787 2139 877 2166 netur
998 2135 1105 2176 caliga
1131 2133 1212 2167 olim
1240 2145 1356 2167 coma:
1386 2135 1494 2175 caligo
1616 2136 1635 2168 2
1671 2136 1854 2168 consulatus

227 2193 443 2228 deteriores:
475 2195 676 2226 consulati-1*
822 2195 997 2236 peruadere
1026 2193 1249 2227 Gronovius:
1279 2194 1420 2236 {madere
1564 2193 1583 2227 3
1619 2206 1719 2236 penos

226 2255 244 2286 s}
274 2254 418 2284 antiochi
447 2255 525 2293 (anti
552 2253 584 2286 2⁸71
613 2258 702 2291 ras.)
826 2253 845 2284 ἴ)
880 2254 912 2284 ni
939 2264 995 2295 per
1023 2252 1113 2287 det.:
1143 2264 1241 2294 neper
1363 2255 1382 2285 (ἱ
1417 2258 1590 2295 reponetur
1618 2252 1689 2287 ΕΗ
1719 2265 1853 2296 repone-

214 2320 309 2344 *retur
407 2313 517 2343 ciuiles
545 2315 642 2349 (mele
663 2324 679 2344 c
699 2322 831 2346 rasura
858 2311 1013 2346 duarum
1040 2311 1100 2346 ‘uel
1125 2312 1230 2345 trium
1250 2310 1462 2352 litterariam,
1489 2317 1527 2345 ul
1546 2311 1590 2346 de
1608 2314 1725 2344 ciuium
1745 2314 1854 2346 ciuiles

227 2394 387 2440 coqz‘lare
406 2393 522 2435 liccat)
661 2399 856 2426 seruatorem
878 2396 1076 2437 reipublicae
1093 2393 1264 2439 lllmlm'q:
1294 2400 1488 2427 seruatorem
1620 2395 1638 2429 T
1666 2370 1818 2428 abiuueue
1833 2408 1854 2427 ‹x-

227 2479 288 2508 diis
314 2461 546 2508 equmhonores
667 2478 688 2509 ὃ
715 2489 877 2520 nunquam
903 2479 1015 2509 derunt
1042 2482 1121 2518 (nun
1148 2477 1182 2510 2‘71
1210 2478 1298 2520 νας.)
1436 2481 1455 2511 tl
1482 2479 1546 2510 uita
1572 2479 1712 2510 trudetur
1729 2477 1854 2512 Haase

227 2538 308 2577 (uita
335 2536 477 2567 eludetur
504 2534 718 2574 pincianum
757 2536 803 2580 cs.
833 2535 977 2571 Petron.
1006 2539 1048 2569 45
1077 2537 1122 2572 in.
1150 2538 1194 2568 sic
1221 2538 1286 2568 uita
1313 2536 1480 2579 truditur):
1518 2538 1582 2579 uite
1608 2538 1735 2569 rudetur

369 2600 377 2618 ῑ

228 2631 269 2664 113
296 2631 383 2672 quod
410 2630 462 2664 bis
591 2631 622 2664 114
662 2632 725 2663 inte
752 2633 978 2664 conuertcris*
1106 2633 1213 2662 satis-x-
1343 2631 1379 2664 16
1406 2632 1508 2662 inotio
1536 2633 1595 2674 (tio
1622 2636 1731 2671 corr.)

227 2725 332 2758 rei.}'.
488 2725 521 2758 ΙῙ
559 2726 634 2756 (lata
660 2733 705 2757 est
732 2723 904 2771 llladm'q:
933 2727 1010 2757 data
1037 2727 1074 2757 sit
1225 2727 1263 2759 18
1298 2727 1389 2757 turbe
1540 2726 1577 2759 Η)
1609 2727 1726 2758 indolis

226 2785 354 2815 uiuidae
382 2794 509 2825 mergas
537 2782 679 2818 Haase:
710 2786 772 2816 uiui
801 2786 971 2827 demergas
1091 2786 1173 2816 istud
1201 2784 1234 2828 (d
1262 2787 1369 2825 corr.)
1491 2785 1529 2818 ‘21
1562 2787 1718 2827 repositus
1744 2787 1790 2827 (re
1815 2786 1851 2820 in

225 2844 311 2883 ras.)
435 2844 478 2875 2⁴2
507 2846 538 2875 ta
567 2844 690 2884 (corr.)
813 2844 856 2877 ⁴33
885 2846 913 2875 in
942 2856 980 2875 eo
1007 2845 1118 2875 officio
1149 2843 1286 2878 Haase:
1317 2846 1347 2875 in
1374 2845 1485 2875 officio

1880 1350 1900 1383 ΤΟ
