2008 3221
204 854 233 877 10

207 1207 235 1231 15

203 1560 236 1584 20

205 1915 239 1940 25

257 114 336 153 14ss
543 108 646 134 DIAL.
669 107 718 133 VI.
759 107 812 131 AD
834 104 1020 130 MARciAM
1046 103 1097 129 DE
1118 102 1440 129 CONSOLATIONE.
1478 103 1523 130 20.
1544 103 1588 129 2¹.

1595 177 1605 193 Χ

251 207 422 253 tulisset,
454 206 663 244 neminem
698 215 897 243 ausurum
932 214 1074 241 coram
1108 200 1269 240 Catone
1301 212 1499 252 peccare:
1535 212 1644 238 nunc
1675 211 1878 238 annorum

253 279 432 317 adiectio
484 275 827 328 paucissimorum
881 273 1011 312 uirum
1065 271 1244 310 libertati
1296 284 1381 310 non
1436 284 1534 310 suae
1587 276 1750 309 tantum
1805 269 1880 308 sed

252 348 443 400 publicae
486 353 629 385 natum
673 345 812 396 coegit
845 342 1068 382 Caesarem
1112 341 1275 393 fugere,
1319 341 1563 393 Pompeium
1596 341 1722 392 sequi.
1784 339 1882 378 nihil

253 431 355 469 ergo
397 417 449 456 illi
491 415 587 455 mali
628 416 833 454 inmatura
875 427 988 452 mors
1037 412 1207 452 adtulit:
1266 412 1452 451 omnium
1502 411 1626 450 etiam
1676 409 1881 450 malorum

253 488 406 528 remisit
438 487 680 540 potentiam.

369 558 483 598 XXI.
536 557 668 596 Nimis
710 562 853 595 tamen
896 555 977 594 cito
1021 555 1140 607 periit
1182 560 1224 593 et
1267 555 1506 592 inmaturus.
1569 554 1748 605 primum
1781 557 1882 604 puta

252 629 304 669 illi
346 628 613 681 superfuisse,
668 627 907 679 conprende
949 632 1149 677 quantum
1192 625 1413 676 plurimum
1455 624 1685 675 procedere
1728 623 1884 661 homini

252 701 370 739 licet:
418 706 619 751 quantum
664 700 753 737 est?
816 698 871 736 ad
914 697 1203 735 breuissimum
1247 701 1414 746 tempus
1456 694 1574 739 editi,
1618 695 1700 732 cito
1734 694 1886 732 cessuri

253 771 347 810 loco
380 770 539 809 incolae
571 769 749 808 uenienti
781 770 993 820 inpactum
1026 767 1086 805 iri
1114 766 1195 805 hoc
1227 765 1500 818 prospicimus
1532 764 1768 816 hospitium.
1831 765 1885 803 de

254 841 406 880 nostris
429 840 633 879 aetatibus
655 839 816 891 loquor,
848 851 951 890 quas
983 836 1210 876 incredibili
1243 836 1453 875 celeritate
1476 833 1668 874 conuolui
1691 834 1885 873 consfal‘i³

255 917 435 964 conputa
477 910 640 949 urbium
684 909 858 948 saecula.
923 907 1083 947 uidebis
1125 920 1252 959 quam
1291 919 1375 945 non
1409 906 1475 945 diu
1508 906 1716 953 steterint,
1759 905 1883 944 etiam

255 996 361 1035 quae
404 986 612 1020 uetustate
653 980 891 1031 gloriantur.
956 979 1096 1017 onmia
1136 977 1320 1016 humana
1356 976 1498 1016 breuia
1530 982 1571 1015 et
1603 977 1759 1016 caduca
1790 981 1886 1015 sunt

255 1059 295 1092 et
338 1052 479 1092 infiniti
521 1052 723 1103 temporis
765 1049 919 1089 nullam
952 1056 1114 1102 partem
1149 1048 1403 1101 occupantia.
1465 1053 1618 1086 terram
1652 1046 1759 1086 hanc
1791 1059 1885 1085 cum

257 1123 425 1163 urbibus
477 1122 725 1175 populisque
777 1127 818 1159 et
867 1119 1104 1159 fluminibus
1157 1125 1198 1158 et
1241 1119 1399 1158 ambitu
1443 1118 1566 1157 maris
1607 1118 1749 1170 puncti
1789 1115 1886 1156 loco

256 1195 451 1248 ponimus
484 1194 536 1232 ad
571 1193 760 1232 uniuersa
792 1191 1039 1230 referentes:
1089 1191 1292 1230 minorem
1325 1190 1563 1242 portionem
1597 1194 1712 1241 aetas
1744 1194 1887 1227 nostra

255 1279 380 1318 quam
414 1266 555 1317 puncti
587 1264 726 1310 habet,
759 1263 791 1301 si
825 1275 917 1301 cum
952 1263 1066 1301 omni
1098 1268 1290 1313 tempore
1323 1266 1582 1313 conparetur,
1615 1260 1727 1299 cuius
1756 1259 1886 1297 maior

257 1343 318 1376 est
352 1349 544 1375 mensura
577 1347 701 1386 quam
737 1334 900 1380 mundi,
940 1338 1087 1385 utpote
1120 1345 1214 1371 cum
1247 1331 1312 1370 ille
1344 1345 1389 1370 se
1420 1331 1526 1370 intra
1557 1330 1673 1369 huius
1705 1331 1884 1382 spatium

256 1407 408 1446 totiens
441 1405 704 1445 remetiatur:
742 1404 841 1456 quid
875 1417 976 1455 ergo
999 1403 1170 1441 interest
1191 1403 1232 1441 id
1256 1402 1497 1447 extendere,
1530 1402 1641 1440 cuius
1663 1406 1883 1453 quantum-

256 1491 435 1529 cumque
467 1476 586 1515 fuerit
608 1476 921 1521 incrementum,
953 1487 1037 1512 non
1061 1472 1236 1512 multum
1260 1473 1392 1511 aberit
1415 1486 1437 1511 a
1460 1471 1612 1511 nihilo?
1646 1484 1728 1510 uno
1752 1471 1885 1511 modo

257 1548 434 1588 multum
478 1554 540 1587 est
582 1548 697 1599 quod
741 1546 938 1591 uiuimus,
980 1545 1012 1583 si
1055 1545 1154 1583 satis
1187 1550 1260 1583 est.
1324 1543 1418 1583 licet
1451 1542 1549 1582 mihi
1582 1543 1746 1582 uiuaces
1779 1548 1820 1581 et
1852 1542 1891 1580 in

259 1619 506 1670 memoriam
549 1618 727 1657 traditae
769 1616 994 1655 senectutis
1037 1616 1147 1654 uiros
1187 1615 1398 1662 nomines,
1440 1619 1639 1653 centenos
1678 1603 1894 1665 denosque

260 1703 505 1743 percenseas
538 1701 695 1727 annos:
739 1701 834 1726 cum
868 1688 921 1726 ad
954 1699 1080 1726 omne
1113 1692 1279 1738 tempus
1313 1685 1513 1724 dimiseris
1545 1685 1750 1732 animum,
1784 1683 1894 1722 nulla

259 1761 334 1800 erit
366 1760 432 1800 illa
465 1759 695 1799 breuissimi
727 1757 1039 1810 longissimique
1072 1757 1162 1796 aeui
1195 1756 1437 1803 differentia,
1470 1756 1501 1794 si
1525 1756 1712 1807 inspecto
1735 1759 1893 1808 quanto

258 1832 346 1884 quis
390 1831 541 1870 uixerit
578 1831 734 1882 spatio,
779 1828 1070 1881 conparaueris
1103 1834 1260 1880 quanto
1293 1840 1377 1884 non
1411 1826 1570 1865 uixerit.
1634 1825 1786 1864 deinde
1818 1825 1894 1864 sibi

260 1910 445 1942 maturus
481 1901 666 1940 decessit.
723 1900 824 1938 uixit
857 1900 965 1938 enim
999 1905 1201 1950 quantum
1235 1898 1380 1937 debuit
1413 1898 1562 1936 uiuere.
1616 1895 1713 1935 nihil
1735 1895 1787 1934 illi
1811 1896 1893 1934 iarn

259 1973 366 2012 ultra
397 1977 621 2024 supererat.
676 1984 760 2009 non
793 1984 873 2008 una
906 1970 1144 2009 hominibus
1177 1975 1368 2008 senectus
1402 1974 1475 2016 est,
1509 1973 1554 2006 ut
1575 1980 1627 2006 ne
1650 1965 1893 2005 animalibus

258 2044 454 2096 quidem:
510 2043 615 2080 intra
657 2041 995 2093 quattuordecim
1038 2040 1245 2092 quaedam
1288 2052 1419 2078 annos
1463 2038 1663 2090 defatigat
1705 2038 1809 2086 uita,
1853 2042 1894 2076 et

259 2115 363 2154 haec
406 2114 479 2153 illis
525 2113 766 2164 longissima
797 2118 913 2151 aetas
947 2118 1009 2150 est
1041 2124 1148 2163 quae
1180 2110 1337 2150 homini
1370 2110 1512 2162 prima.
1577 2109 1716 2161 dispar
1749 2108 1894 2160 cuique

260 2186 426 2224 uiuendi
458 2184 631 2224 facultas
666 2184 765 2222 data
797 2190 870 2222 est.
934 2195 1060 2222 nemo
1093 2182 1212 2221 nimis
1245 2182 1327 2221 cito
1360 2181 1545 2228 moritur,
1585 2179 1681 2232 quia
1711 2179 1892 2219 uicturus

261 2340 280 2369 :5
308 2338 407 2369 nichil
530 2336 547 2369 ’1
579 2337 623 2367 illi
650 2337 727 2367 mali
755 2334 834 2370 cod.
861 2335 938 2365 mali
967 2335 1012 2365 illi
1039 2333 1148 2379 aul-qo
1279 2334 1298 2367 ti
1325 2334 1418 2375 periit
1445 2331 1664 2366 delerz'oresz
1694 2332 1775 2373 perit

261 2400 280 2428 ¹.»
319 2398 393 2428 loco
430 2396 556 2427 incolae
590 2396 727 2427 uenienti
763 2396 926 2436 inpactum
963 2394 1000 2424 iri
1036 2391 1136 2426 Koch
1173 2393 1262 2435 (loco
1297 2392 1434 2423 uenienti
1471 2392 1668 2432 impacatum
1703 2387 1889 2433 Maritum:

445 2454 452 2478 i

261 2480 347 2519 loco,
382 2490 440 2510 uen
457 2480 518 2510 enti
554 2480 716 2520 inpactum
890 2475 931 2509 10
965 2487 1044 2517 quas
1079 2474 1298 2509 deteriores:
1335 2475 1424 2515 quasi
1583 2473 1734 2504 conuolui
1768 2475 1893 2504 constat

262 2538 363 2583 Neap
391 2551 396 2569 :
428 2538 589 2570 conuoluit
713 2538 747 2569 lli
778 2547 849 2567 cum
878 2536 967 2567 omni
995 2539 1141 2576 tempore
1163 2532 1307 2567 Fickert
1334 2533 1437 2575 (omni
1465 2533 1603 2573 tempori
1630 2530 1774 2575 mdqo):
1804 2532 1893 2562 omni

261 2604 411 2640 tempore
556 2596 586 2629 ΙῙ
620 2597 671 2627 ille
698 2608 730 2626 se
757 2594 974 2628 deteriores:
1011 2594 1056 2624 illi
1083 2605 1116 2625 se
1260 2593 1298 2625 18
1325 2593 1357 2623 id
1385 2590 1520 2635 Neap.:
1551 2591 1616 2621 inid
1745 2592 1892 2632 qut-uum-

263 2668 371 2698 cumq3
403 2657 481 2698 (quai
508 2656 542 2688 in
571 2656 659 2696 ras.)
800 2654 836 2686 15³
863 2653 986 2685 nichilo
1117 2651 1162 2686 *20
1188 2652 1266 2683 mihi
1294 2652 1422 2682 uiuaces
1448 2648 1642 2694 Ruhlsopf:
1673 2649 1773 2681 michi
1800 2659 1894 2680 uaces

399 2715 441 2748 533
469 2715 649 2745 }›reui<s31ui
679 2712 897 2746 deleriores:
935 2713 1125 2743 breuissima
1262 2710 1303 2743 21
1331 2711 1392 2741 sibi
1420 2714 1560 2741 maturus
1587 2706 1759 2753 Maduiy:
1795 2708 1821 2738 si
1848 2709 1894 2738 in-

265 2779 405 2807 maturus
535 2774 577 2806 '33
604 2774 705 2804 nichil
827 2774 888 2802 iam
917 2772 998 2803 ultra
1026 2769 1240 2804 Pincianus:
1269 2776 1335 2801 tum
1363 2770 1445 2800 ultra
1565 2767 1608 2801 ‘2⁴1'
1636 2768 1775 2809 quedam
1803 2766 1894 2809 (dam

265 2834 298 2866 [7ae
327 2844 417 2875 ras.)
551 2833 707 2873 defatigat
733 2832 798 2861 uita
827 2828 976 2874 Madeq
1004 2830 1236 2872 (defatigantur
1263 2827 1406 2874 nul-(soh
1444 2828 1634 2869 (lesatigauit
1763 2824 1808 2859 28
1833 2836 1894 2866 que

1911 1048 1931 1082 10

1917 1542 1937 1577 3
