2008 3221
231 96 310 134 100
692 86 813 116 ‘Dian
835 89 868 115 V.
909 88 961 113 DE
983 87 1050 112 IRA
1071 86 1142 113 Lxss.
1165 87 1216 114 111.
1258 88 1298 113 lo.
1324 88 1364 114 17.

345 189 459 228 XVI.
514 187 729 240 Quamdiu
770 185 941 237 quidem
983 183 1080 223 nihil
1112 190 1198 223 tarn
1237 183 1495 223 intolerabile
1527 184 1649 223 nobis
1682 184 1855 232 uidetur,
1885 193 1899 225 1

227 267 270 300 ut
302 274 378 299 nos
411 257 595 310 expellat
626 271 648 296 e
682 257 777 304 uita,
809 256 922 303 iram,
955 255 993 294 in
1026 268 1295 307 quocumque
1327 255 1479 294 erimus
1510 260 1633 302 statu,
1665 268 1853 294 remoue-

227 345 370 371 amus:
414 329 643 381 perniciosa
676 333 738 366 est
770 326 1055 366 seruientibus.
1118 326 1254 364 omnis
1296 326 1405 365 enirn
1437 326 1665 378 indignatio
1699 326 1737 364 in
1769 331 1854 365 tor-

228 408 416 441 mentum
449 413 570 439 suum
602 398 767 452 proficit
799 403 840 437 et
871 397 1042 450 imperia
1075 397 1268 448 grauiora
1301 398 1424 436 sentit
1455 410 1540 449 quo
1573 397 1857 436 contumacius

193 484 207 507 fv
227 473 391 524 patitur.
455 471 511 510 sic
543 470 715 522 laqueos
747 469 844 516 fera,
877 469 977 507 dum
1011 468 1147 515 iactat,
1180 468 1409 518 adstringit.
1462 468 1519 507 sic
1557 481 1655 507 aues
1688 468 1857 515 uiscum,

181 837 209 860 10

181 1546 213 1569 20

186 2262 200 2284 :5
204 2262 219 2284 0

228 544 329 582 dum
362 543 617 594 trepidantes
650 541 884 588 excutiunt,
927 539 1078 592 plumis
1110 538 1305 578 omnibus
1337 538 1519 578 inlinunt.
1582 538 1737 578 nullum
1771 544 1858 578 tam

229 620 362 653 artum
406 619 470 652 est
512 614 652 664 iugum
695 612 810 663 quod
852 625 935 650 non
969 611 1103 649 minus
1146 609 1284 649 laedat
1323 610 1546 649 ducentem
1579 623 1705 662 quam
1739 623 1858 662 repu-

229 693 440 739 gnantem.
524 697 649 722 unum
694 689 758 722 est
799 682 1083 721 leuamentum
1140 680 1346 720 malorum
1388 681 1638 733 ingentium,
1690 680 1777 732 pati
1819 685 1862 719 et

230 756 544 797 necessitatibus
586 755 668 793 suis
709 753 897 805 obsequi.
975 753 1049 791 sed
1092 766 1187 808 curn
1230 752 1338 791 utilis
1380 752 1431 791 sit
1472 751 1745 791 seruientibus
1787 751 1859 790 ad-

230 828 412 868 fectuum
446 840 614 865 suorum
650 832 691 864 et
722 825 841 864 huius
863 824 1084 876 praecipue
1117 823 1249 862 rabidi
1277 829 1403 874 atque
1426 823 1567 862 effreni
1600 821 1862 870 continentia,

231 898 366 938 utilior
398 904 460 937 est
493 897 680 948 regibus:
723 896 932 948 perierunt
965 895 1121 942 omnia,
1155 894 1223 933 ubi
1256 900 1458 945 quantum
1492 894 1550 940 ira
1581 893 1746 940 suadet,
1780 891 1860 931 for-

230 977 330 1009 tuna
372 969 595 1021 permittit,
649 981 726 1006 nec
769 967 837 1005 diu
880 971 1021 1018 potest
1064 979 1171 1017 quae
1214 965 1438 1004 multorum
1490 964 1601 1004 malo
1645 969 1864 1003 exercetur

231 1041 418 1094 potentia
460 1047 580 1079 stare.
643 1037 897 1090 periclitatur
930 1037 1058 1083 enim,
1104 1037 1171 1075 ubi
1217 1050 1290 1075 eos
1323 1037 1391 1088 qui
1423 1036 1645 1088 separatim
1678 1040 1864 1087 gemunt,

232 1111 464 1152 communis
507 1117 643 1150 metus
675 1110 817 1148 iunxit.
880 1108 1101 1160 plerosque
1140 1108 1278 1159 itaque
1312 1108 1443 1146 modo
1476 1107 1621 1158 singuli
1655 1112 1863 1146 mactaue-

197 1190 346 1231 ιὂιύηῖ,
391 1183 522 1221 modo
567 1181 766 1228 uniuersi,
809 1193 902 1218 curn
948 1179 1045 1218 illos*
1084 1178 1271 1218 conferre
1314 1179 1352 1216 in
1397 1191 1523 1217 unum
1567 1179 1645 1217 iras
1678 1176 1865 1230 publicus

233 1254 354 1294 dolor
402 1255 624 1305 coegisset.
697 1252 810 1303 atqui
853 1250 1037 1303 plerique
1079 1250 1136 1289 sic
1183 1250 1283 1289 iram
1328 1249 1444 1302 quasi
1498 1250 1657 1300 insigne
1706 1249 1865 1300 regium

233 1330 521 1371 exercuerunt,
555 1324 658 1363 sicut
682 1323 856 1369 Dareus,
889 1322 957 1373 qui
979 1321 1135 1373 primus
1157 1326 1254 1373 post
1276 1320 1465 1360 ablatum
1490 1334 1616 1371 mago
1649 1320 1866 1372 imperium

234 1397 379 1436 Persas
423 1402 464 1434 et
508 1408 705 1447 magnam
750 1400 911 1446 partem
955 1392 1123 1432 orientis
1166 1391 1355 1430 obtinuit.
1434 1405 1531 1430 nam
1575 1404 1668 1429 cum
1711 1390 1866 1430 bellum

235 1467 402 1518 Scythis
436 1467 649 1505 indixisset
684 1465 886 1504 orientem
917 1463 1189 1515 cingentibus,
1222 1468 1395 1514 rogatus
1427 1462 1480 1501 ab
1505 1462 1709 1501 Oeobazo
1742 1461 1868 1500 nobili

234 1552 345 1586 sene,
378 1544 422 1577 ut
456 1551 509 1576 ex
544 1536 674 1576 tribus
708 1535 844 1575 liberis
878 1548 1004 1574 unum
1038 1534 1075 1572 in
1109 1533 1308 1572 solacium
1342 1534 1446 1585 patri
1469 1533 1730 1585 relinqueret,
1763 1533 1866 1572 duo-

233 1623 324 1648 rum
358 1622 486 1661 opera
519 1615 722 1654 uteretur,
766 1606 857 1659 plus
899 1619 1025 1658 quam
1069 1604 1297 1657 rogabatur
1329 1604 1535 1656 pollicitus
1573 1604 1708 1643 omnis
1740 1618 1784 1643 se
1816 1603 1868 1642 illi

235 1680 339 1719 dixit
373 1680 638 1718 remissurum
673 1684 714 1717 et
747 1678 908 1717 occisos
941 1677 979 1715 in
1013 1682 1241 1727 conspectu
1275 1675 1456 1728 parentis
1488 1676 1659 1723 abiecit,
1693 1674 1868 1714 crudelis

237 1750 405 1795 futurus,
439 1751 469 1789 si
494 1750 629 1789 omnis
658 1749 915 1788 abduxisset.
959 1754 999 1786 at
1033 1752 1189 1798 quanto
1214 1746 1380 1785 Xerxes
1412 1746 1591 1786 facilior?
1625 1747 1693 1797 qui
1718 1745 1867 1797 Pythio

235 1823 417 1874 quinque
440 1821 615 1860 filiorum
649 1820 755 1873 patri
779 1821 894 1858 unius
924 1819 1186 1858 uacationem
1210 1818 1379 1870 petenti,
1411 1830 1537 1869 quem
1561 1816 1683 1856 uellet
1716 1815 1868 1868 eligere

183 1906 216 1929 πῖ»
236 1893 430 1946 permisit.
505 1892 656 1931 deinde
699 1904 825 1943 quem
869 1890 1068 1941 elegerat,
1118 1891 1156 1928 in
1199 1896 1338 1941 partes
1381 1889 1484 1927 duas
1527 1888 1771 1927 distractum
1814 1887 1868 1927 ab

238 1970 416 2015 utroque
460 1963 548 2002 uiae
601 1963 730 2001 latere
771 1962 911 2014 posuit
953 1966 994 1999 et
1038 1959 1115 1999 hac
1167 1960 1335 1999 uictima
1385 1959 1573 1999 lustrauit
1625 1960 1868 1998 exercitum.

238 2035 384 2075 habuit
416 2035 554 2086 itaque
586 2047 712 2085 quem
746 2032 890 2072 debuit
922 2032 1103 2070 exitum:
1152 2031 1283 2070 uictus
1322 2037 1363 2070 et
1394 2030 1477 2070 late
1515 2030 1725 2082 longeque
1756 2029 1868 2069 susus

239 2120 287 2146 ac
328 2112 503 2145 stratam
546 2104 699 2157 ubique
751 2104 909 2143 ruinam
962 2116 1080 2141 suam
1123 2115 1296 2141 cernens
1338 2102 1500 2141 medius
1541 2102 1646 2140 inter
1697 2115 1867 2140 suorum

239 2178 445 2216 cadauera
476 2177 652 2215 incessit.

358 2247 491 2286 XVII.
526 2247 643 2285 Haec
675 2245 862 2285 barbaris
885 2244 1052 2297 regibus
1074 2243 1212 2283 feritas
1236 2243 1273 2283 in
1303 2244 1360 2283 ira
1382 2242 1475 2292 fuit,
1507 2258 1614 2296 quos
1636 2243 1746 2283 nulla
1778 2257 1867 2283 eru-

241 2319 352 2366 ditio,
386 2317 518 2357 nullus
541 2317 768 2357 litterarum
792 2315 924 2356 cultus
948 2315 1162 2355 inbuerat:
1201 2315 1313 2355 dabo
1336 2314 1410 2355 tibi
1443 2328 1497 2353 ex
1520 2314 1760 2354 Aristotelis
1781 2315 1870 2354 sinu

242 2511 261 2541 ζ)
289 2507 427 2548 expellat
456 2512 499 2536 rat
527 2505 559 2538 iu
588 2506 673 2546 ras.)
817 2504 837 2538 5
866 2505 1036 2546 adstringit
1182 2505 1301 2535 niseum
1331 2503 1373 2544 (ui
1400 2502 1436 2535 ln,
1464 2504 1550 2537 ras)
1697 2504 1716 2533 li
1745 2502 1869 2533 illinunt

243 2566 361 2610 (prior
387 2566 395 2596 1
423 2568 532 2607 cortu)
679 2564 698 2595 ’.1
726 2566 896 2595 affectuum
925 2563 1044 2609 (prior
1070 2563 1083 2594 s
1105 2564 1216 2601 corr.)
1365 2563 1406 2594 w
1433 2569 1497 2602 n1‹1;
1528 2568 1587 2603 (ιςμ
1617 2561 1725 2602 corr.)

252 2638 283 2669 ll
314 2644 465 2678 quantuni
493 2637 539 2667 ira
567 2642 645 2669 (tuin
674 2637 682 2666 i
709 2636 818 2677 corr.)
952 2634 992 2668 16
1020 2635 1106 2675 atqui
1134 2638 1180 2675 (Nat
1207 2639 1316 2668 corr.)
1454 2633 1490 2664 18
1519 2616 1610 2673 perszsx
1636 2634 1664 2670 (s
1691 2630 1774 2673 del.)

248 2697 287 2728 12³
315 2697 356 2726 ab
385 2696 542 2726 Oeobazo
570 2694 734 2739 Lipsius:
764 2695 954 2726 aborobazo
1092 2695 1135 2726 225
1163 2694 1280 2724 Xerses
1416 2693 1459 2725 136
1487 2693 1550 2723 uite
1576 2692 1674 2723 latere
1701 2697 1746 2733 (le
1771 2692 1870 2723 latere

244 2767 278 2797 φή
307 2777 391 2803 ras„
419 2765 452 2798 1¹71
480 2776 593 2809 marry.
623 2778 665 2797 m.
698 2769 716 2798 4
745 2775 772 2798 c,
801 2767 864 2807 uie)
1010 2767 1054 2798 ‘eb'
1083 2753 1132 2795 ins
1153 2754 1179 2806 (l
1203 2763 1238 2797 iu
1266 2765 1353 2803 ras.)
1520 2762 1557 2794 251
1590 2763 1775 2794 exaristotel
1801 2763 1870 2793 sinu

245 2826 268 2862 (1
297 2826 364 2856 sinu
391 2825 424 2858 in
453 2828 538 2858 rasssl

1887 757 1907 779 Γ)

1889 782 1908 790 .-

1893 1253 1912 1287 3
