1977 3231
486 136 589 164 DIAL.
603 136 667 164 VII.
704 136 759 162 AD
780 136 1013 163 GALLIONEM
1034 138 1085 163 DE
1106 137 1199 163 VITA
1219 138 1359 163 BEATA.
1398 139 1440 164 20.
1692 144 1770 182 173

105 242 126 275 2
151 231 362 271 laudanda
402 233 595 272 tractatio
638 239 711 272 est.
774 234 873 286 quid
916 235 1085 281 mirum,
1126 234 1158 272 si
1195 247 1280 273 non
1312 235 1541 274 escendunt
1572 235 1610 273 in
1644 234 1772 275 altum

151 303 280 342 ardua
317 303 530 354 adgressi?
572 304 647 342 sed
679 304 711 342 si
744 304 802 343 uir
834 317 899 352 es,
941 305 1122 356 suspice,
1167 305 1326 344 etiamsi
1361 305 1578 353 decidunt,
1621 319 1773 357 magna

151 374 348 412 conantis.
410 387 615 425 generosa
662 388 727 414 res
774 380 837 413 est
885 375 1174 426 respicientem
1217 389 1301 414 non
1344 376 1397 415 ad
1439 389 1554 423 suas,
1603 377 1677 415 sed
1720 376 1770 415 ad

150 450 320 483 naturae
361 457 461 483 suae
503 445 608 483 uires
651 446 810 493 conari,
852 444 935 484 alta
978 451 1186 498 temptare
1228 453 1269 485 et
1313 453 1453 486 mente
1486 447 1642 486 maiora
1673 460 1770 486 con-

151 514 306 567 cipere,
349 510 475 566 quam
517 529 624 568 quae
666 516 790 555 etiam
832 516 988 567 ingenti
1029 517 1168 555 animo
1207 517 1419 556 adornatis
1451 516 1555 556 effici
1587 524 1772 570 possunt.
1795 530 1809 552 5

103 593 123 623 33
150 585 219 636 qui
256 585 329 623 sibi
364 585 446 624 hoc
477 587 715 638 proposuit:
763 600 844 638 ego
877 592 1058 626 mortem
1092 587 1243 626 eodem
1277 587 1391 626 uoltu
1423 588 1774 641 comoediamque

150 655 315 696 uidebo.
378 668 459 706 ego
500 656 733 705 laboribus,
784 644 1105 709 quanticumque
1146 657 1200 696 illi
1242 664 1382 706 erunt,
1434 659 1591 710 parebo
1634 660 1773 698 animo

150 725 319 765 fulciens
352 739 512 778 corpus.
558 741 638 779 ego
673 727 833 766 diuitias
865 733 906 766 et
938 733 1178 779 praesentes
1210 734 1253 767 et
1284 728 1479 767 absentes
1511 743 1642 781 aeque
1674 743 1771 769 con-

149 801 347 844 temnam,
379 810 455 836 nec
487 798 519 836 si
551 797 673 837 aliubi
705 797 908 846 iacebunt,
940 798 1103 846 tristior,
1135 812 1212 837 nec
1244 798 1276 837 si
1308 799 1414 838 circa
1447 813 1514 838 me
1545 798 1772 851 fulgebunt,

149 867 384 907 animosior.
448 881 529 919 ego
561 867 768 908 fortunam
802 882 878 907 nec
909 870 1145 908 uenientem
1178 869 1354 908 sentiam
1386 883 1462 909 nec
1494 871 1772 910 recedentem.
1797 885 1826 909 ιο

150 950 230 988 ego
263 942 393 1000 terras
426 951 573 977 omnes
605 945 820 991 tamquam
854 952 969 978 meas
1002 938 1168 986 uidebo,
1201 953 1316 979 meas
1338 945 1553 991 tamquam
1577 942 1773 981 omnium.

149 1020 231 1059 ego
273 1009 330 1047 sic
369 1009 507 1047 uiuam
539 1009 654 1061 quasi
687 1010 813 1048 sciam
846 1008 931 1048 aliis
964 1023 1055 1048 esse
1087 1023 1155 1049 me
1185 1016 1329 1050 natum
1363 1016 1404 1050 et
1435 1016 1606 1065 naturae
1637 1025 1772 1051 rerum

148 1077 230 1117 hoc
279 1079 449 1118 nomine
493 1082 654 1131 gratias
697 1093 846 1131 agam:
899 1093 983 1132 quo
1025 1081 1134 1119 enirn
1177 1080 1324 1120 melius
1366 1094 1519 1133 genere
1559 1083 1772 1132 negotium

149 1163 289 1188 meum
331 1163 456 1202 agere
488 1151 650 1202 potuit?
693 1164 821 1189 unum
854 1164 922 1190 me
955 1151 1127 1191 donauit
1159 1152 1364 1199 omnibus,
1397 1153 1465 1191 uni
1497 1152 1595 1191 mihi
1629 1154 1772 1192 omnis

100 1226 121 1260 4
147 1210 349 1272 quidquid
372 1220 553 1269 habebo,
583 1234 660 1260 nec
682 1221 849 1260 sordide
873 1223 1107 1262 custodiam
1130 1236 1207 1261 nec
1228 1223 1406 1274 prodige
1428 1236 1635 1275 spargam.
1677 1224 1774 1263 nihil
1797 1238 1826 1262 15

146 1292 280 1342 magis
311 1292 527 1343 possidere
559 1305 628 1331 me
660 1293 829 1331 credam
863 1306 988 1345 quam
1021 1293 1130 1332 bene
1163 1294 1330 1333 donata.
1373 1307 1458 1333 non
1490 1308 1665 1334 numero
1698 1309 1774 1334 nec

146 1362 335 1413 pondere
366 1362 567 1401 beneficia
598 1376 674 1402 nec
707 1363 788 1402 ulla
819 1364 893 1402 nisi
925 1364 1160 1415 accipientis
1192 1365 1482 1404 aestimatione
1504 1365 1773 1417 perpendam.

145 1446 373 1484 numquam
405 1433 448 1472 id
479 1433 578 1472 mihi
610 1433 787 1473 multum
820 1435 906 1482 erit,
939 1436 1054 1486 quod
1087 1435 1235 1487 dignus
1268 1436 1451 1487 accipiet.
1514 1435 1611 1475 nihil
1643 1437 1771 1488 opini-

147 1503 236 1542 onis
269 1516 403 1551 causa,
435 1505 575 1543 omnia
607 1505 883 1544 conscientiae
915 1504 1074 1545 faciam.
1132 1505 1290 1557 populo
1323 1513 1539 1558 spectante
1570 1506 1655 1546 fieri
1688 1521 1772 1546 cre-

101 1581 120 1614 ι’)
148 1574 246 1612 dam
287 1574 489 1626 quidquid
531 1588 600 1613 me
641 1576 808 1614 conscio
850 1574 1009 1615 faciam.
1073 1577 1223 1615 edendi
1265 1576 1365 1616 mihi
1407 1579 1481 1616 erit
1520 1577 1774 1630 bibendique
1794 1592 1827 1616 20

146 1643 236 1683 finis
270 1644 474 1684 desideria
505 1651 676 1684 naturae
709 1646 975 1698 restinguere,
1007 1660 1089 1685 non
1122 1646 1278 1698 inplere
1310 1647 1447 1686 aluum
1482 1654 1523 1686 et
1552 1649 1774 1687 exinanire.

147 1727 219 1753 ero
252 1715 392 1754 amicis
425 1715 636 1763 iucundus,
670 1717 840 1756 inimicis
873 1718 982 1756 mitis
1016 1723 1057 1756 et
1088 1718 1225 1757 facilis.
1288 1718 1516 1766 exorabm,
1550 1725 1772 1771 antequam

146 1797 290 1836 roger,
330 1784 518 1825 honestis
550 1786 742 1838 precibus
774 1801 1001 1827 occurram.
1066 1789 1243 1840 patriam
1276 1803 1414 1828 meam
1447 1802 1538 1828 esse
1570 1790 1772 1828 mundum

1502 1913 1516 1929 e

147 1937 163 1969 ’1
193 1938 367 1968 escendunt
395 1937 444 1978 (in
471 1948 585 1982 mars).
614 1949 657 1972 m.
686 1941 705 1971 4
725 1948 753 1974 c.
781 1940 971 1981 ascendunt)
1093 1940 1113 1973 ‘2
1141 1941 1285 1981 aggressi
1406 1940 1422 1973 -i
1453 1942 1528 1980 uiris
1650 1943 1772 1981 conari,

145 1996 212 2026 alta
245 2000 402 2038 temptare
431 1995 557 2030 Gertz:
596 1999 708 2028 conari
735 1999 810 2037 alta,
843 2003 1001 2040 temptare
1026 1998 1135 2043 vulfi)
1303 2005 1409 2031 mente
1435 2002 1480 2041 (m
1509 2000 1629 2040 erasa)

146 2077 166 2109 ὃ
192 2089 351 2121 quamque
472 2080 491 2112 ti
525 2065 614 2120 ugltu
768 2082 1042 2123 comoediamque
1074 2079 1237 2127 Meldm’q,
1275 2080 1401 2116 Gertz:
1438 2093 1508 2113 cum
1545 2084 1674 2114 audiam
1709 2094 1772 2124 qno

429 2149 488 2180 'pes

257 2184 278 2218 8
305 2187 464 2226 presentis
491 2186 687 2230 (suprascr.
708 2197 751 2220 m.
771 2187 857 2230 rec.)
971 2190 989 2219 ΕΙ
1017 2188 1116 2219 aliubi
1138 2187 1170 2221 T
1167 2188 1299 2222 al'm'S.:
1330 2189 1449 2220 alieubi
1562 2189 1679 2230 tristior

153 2266 189 2299 10
217 2269 394 2298 animosior
421 2266 606 2302 lllllrelllsz
646 2253 834 2301 animo‘cur
861 2269 907 2308 (ile
936 2270 1097 2315 marqiue
1123 2282 1165 2303 m.
1192 2281 1262 2304 rec.
1291 2272 1443 2312 animior)
1563 2273 1696 2303 sentia-:3-
1723 2271 1770 2313 (fn

144 2336 216 2359 ras.
255 2325 397 2359 uidetur
422 2338 454 2357 m
477 2326 609 2370 sitisse)
763 2329 797 2361 11
833 2330 939 2360 omnis
1082 2330 1120 2362 12
1156 2340 1224 2361 esse
1257 2342 1309 2361 me
1342 2334 1451 2361 natum
1480 2329 1557 2365 cod.
1584 2342 1636 2362 me
1662 2330 1769 2362 n’atum

776 2394 801 2412 c.
818 2386 941 2411 donauit

145 2418 252 2464 mtlyo
376 2419 414 2452 14
444 2421 577 2452 donauit
597 2420 731 2467 Neap.:
763 2423 941 2453 domiuauit
969 2422 1017 2464 (in
1045 2433 1161 2468 marg).
1189 2422 1311 2457 eadem
1340 2434 1447 2457 mmm
1473 2426 1504 2464 4,
1532 2434 1622 2468 qnae
1643 2434 1771 2469 supra-

1601 2482 1616 2506 l)

143 2513 300 2558 scripsit,
328 2513 491 2548 v'leral‘zmz
518 2526 545 2547 c.
573 2516 720 2557 donauit)
889 2517 990 2547 michi
1018 2518 1123 2547 omnis
1270 2517 1312 2549 15
1346 2519 1497 2559 quicquid
1522 2519 1631 2550 habeo

144 2583 297 2613 spargam
325 2574 352 2614 (s
379 2572 515 2613 addila,
543 2585 564 2615 g
589 2584 640 2608 ex
666 2586 683 2606 c
710 2576 821 2617 corr.)
949 2575 985 2608 Π
1014 2577 1157 2617 pondere
1183 2575 1231 2617 (in
1260 2577 1423 2621 marqine
1449 2588 1491 2612 m.
1519 2579 1539 2610 4
1559 2587 1587 2611 c.
1608 2578 1770 2618 pondero)

707 2645 735 2667 e.
755 2644 816 2669 nu(

262 2679 465 2710 estimatione
612 2680 654 2713 1&
680 2692 763 2712 nunc
789 2646 854 2722 qiu]
881 2680 929 2722 (in
956 2692 1068 2726 marq.
1096 2692 1138 2713 m.
1166 2683 1186 2713 4
1213 2691 1241 2716 c.
1261 2682 1356 2724 ιιι-ις’)
1503 2682 1546 2716 19
1572 2687 1767 2725 spectante*

261 2736 306 2769 *20
331 2738 484 2779 quicquid
604 2738 645 2772 21
669 2741 866 2780 restinguere
986 2740 1092 2772 alume
1214 2740 1258 2773 ‘2¹2
1285 2752 1340 2771 ero
1359 2741 1494 2774 mm'cns
1514 2740 1678 2775 Gruterl':
1709 2754 1769 2782 ego

262 2795 306 2827 22
342 2797 497 2827 ineundus
524 2797 557 2838 (o
585 2799 694 2838 corr.)
826 2802 909 2842 post
934 2800 1095 2829 exorabor
1122 2808 1260 2831 comma
1283 2801 1405 2844 posuis
1434 2798 1560 2843 Gertz:
1598 2802 1769 2834 exon-abor,

143 2852 221 2887 cod.
344 2854 386 2887 213
416 2866 542 2896 roger«-
