1977 3231
64 929 83 961 5

407 112 510 140 1⁷)1AL.
525 111 587 138 VII.
627 112 682 137 AD
703 111 936 138 GALLIONEM
960 111 1011 137 DE
1032 111 1125 137 VITA
1146 111 1286 142 BEATA.
1327 112 1371 139 27.
1391 112 1436 138 ¹28.
1656 116 1732 155 183

110 209 311 263 quidquid
354 209 540 256 incurrit,
584 208 694 248 malo
727 223 803 248 suo
836 208 918 249 uim
951 223 1068 249 suam
1103 214 1279 248 exercet.
1344 208 1521 261 proinde
1553 208 1736 261 quaerite

111 281 288 333 aliquam
322 279 492 320 mollem
525 280 828 332 cedentemque
851 280 1081 328 materiam,
1116 280 1154 318 in
1176 293 1259 332 qua
1280 278 1364 319 tela
1385 285 1523 319 uestra
1545 279 1734 332 figantur.

111 351 229 391 uobis
262 357 400 391 autem
434 356 553 390 uacat
585 349 717 390 aliena
747 351 917 390 scrutari
951 349 1059 389 mala
1092 356 1132 389 et
1165 351 1389 389 sententias
1422 349 1526 389 ferre
1558 350 1611 390 de
1632 356 1734 403 quo-

110 424 262 475 quam?
321 435 449 474 quare
496 421 562 460 hic
604 420 877 474 philosophus
920 420 1052 460 laxius
1095 420 1274 468 habitat,
1318 434 1443 472 quare
1485 420 1551 460 hic
1591 421 1738 461 lautius

111 495 256 533 cenat?
319 492 491 546 papulas
525 493 756 533 obseruatis
789 492 958 539 alienas,
998 492 1121 532 obsiti
1152 491 1337 544 plurimis
1370 491 1601 531 ulceribus?
1656 492 1738 532 hoc
1758 502 1773 525 5

44 606 54 613 x
110 563 192 604 tale
224 569 287 603 est
318 563 438 616 quale
470 564 502 603 si
525 564 613 616 quis
635 563 1005 616 pulcherrimorum
1030 576 1253 615 corporum
1276 576 1431 601 naeuos
1455 569 1525 602 aut
1548 575 1738 603 uerrucas

111 635 319 682 derideat,
362 648 486 686 quem
530 634 654 674 foeda
695 634 856 674 scabies
895 634 1140 685 depascitur.
1203 632 1354 672 obicite
1397 632 1579 681 Platoni,
1623 635 1737 686 quod

109 705 271 757 petierit
313 706 551 758 pecuniam,
595 704 830 753 Aristoteli,
873 705 989 756 quod
1032 704 1260 755 acceperit,
1302 703 1571 751 Democrito,
1624 705 1737 756 quod

109 775 361 828 neglexerit,
395 776 595 829 Epicuro,
628 775 745 828 quod
778 775 1092 827 consumpserit.
1155 772 1254 813 mihi
1287 774 1362 827 ipsi
1396 773 1661 814 Alcibiadem
1697 780 1737 814 et

110 846 345 886 Phaedrum
377 846 596 887 obiectate.
645 860 671 886 o
705 860 780 886 uos
812 859 886 885 usu
909 847 1094 885 maxime
1117 844 1264 893 felices,
1298 858 1392 884 cum
1416 845 1595 897 primum
1619 845 1738 884 uobis

109 918 257 957 imitari
298 917 393 957 uitia
433 923 577 956 nostra
619 917 863 969 contigerit!
919 916 1015 968 quin
1057 915 1195 968 potius
1239 915 1349 955 mala
1392 921 1528 955 uestra
1565 916 1735 955 circum-

108 989 273 1041 spicitis,
306 1001 413 1041 quae
445 1002 520 1027 uos
554 988 606 1028 ab
640 988 753 1027 omni
784 992 904 1040 parte
937 985 1192 1034 confodiunt,
1227 986 1305 1026 alia
1328 986 1559 1038 grassantia
1582 987 1736 1026 extrin-

109 1072 244 1107 secus,
277 1058 354 1099 alia
384 1059 423 1098 in
456 1058 679 1098 uisceribus
710 1058 806 1111 ipsis
839 1057 1052 1097 ardentia?
1106 1071 1190 1096 non
1222 1070 1273 1096 eo
1306 1056 1400 1096 loco
1433 1062 1497 1096 res'
1530 1056 1738 1097 humanae

109 1136 223 1178 sunt,
267 1131 429 1170 etiamsi
460 1136 616 1170 statum
649 1134 834 1169 uestrum
867 1141 1014 1181 parum
1048 1129 1199 1175 nostis,
1243 1133 1286 1167 ut
1319 1127 1438 1167 uobis
1470 1132 1632 1168 tantum
1667 1128 1739 1168 otii

109 1201 294 1254 supersit,
328 1206 372 1240 ut
404 1201 443 1240 in
476 1200 631 1254 probra
663 1198 881 1239 meliorum
914 1199 1070 1252 agitare
1103 1198 1286 1251 linguam
1320 1204 1450 1238 uacet.

227 1271 424 1312 XXVIII.
468 1271 564 1312 Hoc
596 1284 678 1328 uos-
705 1283 790 1309 non
822 1269 1056 1322 intellegitis
1090 1275 1129 1309 et
1163 1268 1341 1309 alienum
1363 1268 1554 1308 fortunae
1576 1274 1738 1308 uestrae

111 1342 270 1383 uoltum
303 1344 457 1395 geritiS,
490 1344 595 1383 sicut
627 1342 812 1395 plurimi,
845 1342 994 1396 quibus
1026 1343 1067 1381 in
1101 1343 1208 1381 circo
1242 1348 1313 1381 aut
1345 1339 1512 1381 theatro
1546 1340 1737 1379 desiden-

109 1414 220 1454 tibus
252 1416 334 1453 iam
367 1413 529 1453 funesta
562 1414 713 1453 domus
746 1420 810 1454 est
842 1427 919 1453 nec
951 1413 1241 1453 adnuntiatum
1275 1411 1442 1451 malum.
1496 1417 1538 1451 at
1571 1424 1651 1462 ego
1685 1424 1739 1450 ex

110 1484 194 1525 alto
227 1485 482 1537 prospiciens
515 1484 651 1532 uideo,
677 1498 790 1537 „quae
822 1490 1099 1536 tempestates
1128 1490 1200 1523 aut
1222 1484 1449 1522 inmineant
1472 1481 1591 1521 uobis
1614 1480 1738 1533 paulo

109 1556 267 1595 tardius
309 1561 503 1607 rupturae
545 1555 734 1595 nimbum
777 1569 918 1603 suum,
964 1561 1034 1594 aut
1076 1556 1158 1594 iam
1202 1554 1358 1593 uicinae
1402 1567 1477 1592 uos
1521 1566 1568 1592 ac
1600 1558 1740 1592 uestra

110 1634 302 1679 rapturae
334 1628 505 1678 propius
537 1626 794 1665 accesserint.
838 1626 935 1678 quid
958 1627 1111 1678 porro?
1145 1638 1229 1663 non
1252 1638 1360 1663 nunc
1381 1637 1560 1676 quoque,
1593 1624 1737 1663 etiam-

109 1699 140 1737 si
184 1711 329 1749 parum
363 1698 544 1744 sentitis,
587 1696 710 1736 turbo
744 1697 913 1749 quidam
948 1698 1109 1736 animos
1143 1701 1303 1735 uestros
1336 1701 1448 1734 rotat
1481 1700 1521 1733 et
1553 1692 1736 1741 inuoluit,

109 1767 314 1820 fugientes
355 1774 632 1820 petentesque
675 1768 825 1807 eadem
869 1774 910 1807 et
953 1780 1062 1806 nunc
1100 1766 1138 1805 in
1171 1765 1347 1806 sublime
1380 1764 1599 1805 adleuatos
1632 1777 1739 1805 nunc

109 1841 148 1879 in
180 1838 322 1879 infima
352 1837 539 1879 adlisos?
572 1837 741 1856 *hw*

112 1980 124 2015 ,1
156 1980 308 2022 quiequid
428 1980 550 2020 querite
672 1979 691 2011 2
718 1979 851 2010 mollem
880 1988 970 2011 unus
997 1976 1236 2012 deteriorum:
1267 1976 1356 2008 mole
1478 1976 1496 2006 :3
1518 1979 1613 2006 uacat
1633 1974 1740 2017 (inlcr

109 2050 126 2070 c
153 2041 187 2072 et
211 2050 229 2069 a
255 2036 394 2082 aliquid
417 2038 576 2079 erasum)
698 2037 718 2070 4
747 2049 868 2079 ⁷,quare
895 2065 902 2071 .
924 2065 930 2071 .
952 2065 958 2071 .
986 2041 1078 2069 cenat
1091 2039 1126 2068 ,Μ
1153 2036 1202 2069 ita
1231 2034 1339 2069 Gertz
1367 2034 1597 2080 interpunxit

110 2099 130 2130 6
156 2108 255 2129 nenos
281 2101 334 2128 aut
361 2096 412 2138 (in
437 2095 524 2138 ras.)
646 2096 666 2130 7
693 2098 790 2128 foeda
816 2095 980 2141 Lipsius:
1011 2097 1077 2127 sera
1197 2094 1218 2128 8
1244 2095 1384 2136 pecunia
1410 2094 1456 2129 (m
1483 2092 1603 2137 erasa)

110 2155 130 2189 9
157 2156 352 2187 alcibiadem
379 2155 498 2189 nescio
524 2155 622 2200 quis:
652 2156 694 2186 ali
721 2156 774 2186 ubi
802 2156 844 2185 ad
862 2166 895 2186 se
1012 2154 1052 2187 lO
1075 2156 1180 2196 pedrsl
1286 2163 1344 2184 uos
1365 2153 1448 2196 [usu]
1470 2150 1644 2195 luterem-9,
1673 2151 1739 2186 sed

110 2213 193 2248 uide
212 2216 243 2257 2,
262 2217 279 2247 4
309 2216 384 2256 quin
410 2216 516 2256 potius
542 2225 661 2256 quaero
688 2215 820 2255 aliquod
840 2226 894 2245 usu
914 2215 1046 2256 bonum,
1072 2214 1160 2255 quod
1178 2214 1326 2253 sentiam,
1353 2223 1417 2244 non
1436 2213 1523 2254 quod
1542 2212 1737 2243 ostendam?

111 2272 155 2307 (le
181 2272 279 2307 brea.
306 2274 367 2307 uit.
394 2276 426 2313 4,
454 2277 472 2306 4
501 2279 531 2305 ut
559 2274 664 2313 illam,
697 2274 784 2315 quod
811 2284 865 2304 usu
891 2284 955 2304 non
982 2278 1125 2314 poterat,
1161 2273 1360 2313 cogitatione
1387 2275 1622 2313 praesumeret3
1658 2270 1737 2304 Lice.

112 2335 166 2373 28,
193 2335 237 2366 46
264 2333 370 2364 adhuc
405 2333 541 2364 aliorum
576 2333 775 2374 speciosiora
810 2333 917 2374 primo
953 2333 1107 2373 adspectu
1143 2331 1278 2362 consilia
1303 2341 1431 2371 semper
1457 2331 1544 2368 uisa,
1583 2340 1656 2361 mea
1683 2341 1737 2361 usu

111 2417 245 2448 meliora
399 2416 428 2448 ll
469 2399 541 2457 quin
668 2415 707 2448 14
740 2420 771 2446 ut
798 2413 874 2448 E2:
905 2419 933 2446 et
1070 2414 1163 2445 uobis
1189 2418 1281 2446 tantsl
1308 2414 1365 2444 otii
1391 2414 1493 2453 supsit
1521 2410 1619 2454 (inde
1644 2410 1688 2445 ab
1715 2416 1737 2444 sl

111 2474 228 2508 omnia
254 2475 288 2508 ἰη
316 2485 450 2508 rasura
476 2478 630 2519 excepta
649 2473 767 2508 littera
785 2487 798 2504 s
817 2476 899 2507 (mle
918 2472 952 2517 it)
1082 2473 1117 2505 1ss
1145 2478 1249 2513 nostre
1267 2473 1356 2505 uultu
1485 2471 1522 2504 1⁸
1549 2475 1595 2502 est
1615 2471 1737 2513 (corr.)

237 2558 273 2591 19
301 2542 485 2601 prospicieii
511 2558 605 2589 uideo
626 2564 660 2599 (n
678 2555 815 2596 addila,
835 2569 848 2587 s
867 2559 904 2589 ul
923 2554 1066 2590 uidetur
1084 2566 1127 2589 m.
1143 2557 1216 2600 pr.)
1321 2554 1366 2588 20
1385 2555 1448 2585 iam
1469 2551 1684 2587 Pincianus:
1706 2556 1739 2585 ιῖι

230 2618 268 2650 ’31
307 2628 388 2648 nune
417 2615 521 2650 deti:
551 2627 634 2648 nunc
659 2627 700 2647 ne
830 2615 873 2647 ‘253
908 2619 1121 2656 petentes-qm¹⁴
1259 2614 1415 2645 alleuatos
1442 2612 1566 2657 (prior
1592 2613 1600 2642 l
1628 2613 1737 2646 corr.)

230 2675 274 2710 24
309 2676 418 2707 allisos
445 2675 569 2720 (prior
594 2676 604 2706 l
630 2675 741 2716 corr.)

1762 852 1791 876 11)

1762 1206 1790 1230 15

1759 1559 1792 1583 20
