2008 3221
207 862 238 887 10

205 1570 239 1595 20

262 120 343 157 176
556 115 661 141 DIAL.
677 114 742 142 VII.
781 114 836 139 AD
858 113 1093 140 GALLIONEM
1115 114 1168 139 DE
1187 113 1279 139 VITA
1302 114 1433 140 BEATA
1481 115 1525 140 22.
1547 115 1591 142 23.

258 212 464 259 habeant,
506 225 631 263 quem
665 211 777 263 apud
810 213 906 250 me?
969 211 1028 250 uis
1061 211 1186 258 scire,
1217 224 1343 262 quarn
1377 225 1461 250 non
1492 211 1676 251 habeant
1708 212 1888 251 eundem

258 283 423 322 locum?
463 282 562 321 mihi
595 282 760 320 diuitiae
791 282 824 320 si
856 281 1102 329 effluxerint,
1135 280 1231 320 nihil
1263 280 1450 321 auferent
1480 282 1554 321 nisi
1585 288 1721 322 semet
1751 283 1884 335 ipsas:

258 360 301 392 tu
333 352 518 405 stupebis
551 357 593 391 et
625 352 832 391 uideberis
862 352 937 392 tibi
968 352 1055 391 sine
1087 358 1130 392 te
1151 351 1327 400 relictus,
1359 353 1392 392 si
1414 351 1504 392 illae
1525 366 1550 392 a
1571 358 1613 392 te
1635 354 1890 393 recesserint.

258 424 369 476 apud
413 437 480 462 me
523 423 690 463 diuitiae
730 423 910 474 aliquem
943 422 1081 462 locum
1114 422 1292 471 habent,
1335 424 1447 475 apud
1478 429 1521 462 te
1552 437 1790 463 summum:
1837 425 1890 463 ad

259 501 520 546 postremum
554 494 721 533 diuitiae
752 507 872 533 meae
904 500 1010 542 sunt,
1042 500 1088 533 tu
1120 478 1363 533 diuitiarum.
1387 507 1442 533 es.

375 564 528 604 XXIII.
578 565 734 604 Desine
779 578 882 617 ergo
924 564 1183 617 philosophis
1225 565 1398 617 pecunia
1438 566 1709 605 interdicere:
1764 579 1890 605 nemo

257 636 503 688 sapientiam
536 642 782 688 paupertate
815 637 1041 676 damnauit.
1086 635 1259 675 habebit
1290 635 1565 688 philosophus
1593 636 1754 688 amplas
1776 650 1892 689 opes,

257 707 331 745 sed
374 706 470 746 nulli
513 707 724 746 detractas
763 720 840 746 nec
871 706 1005 746 alieno
1038 708 1239 759 sanguine
1272 713 1482 755 cruentas,
1526 708 1611 746 sine
1650 708 1891 759 cuiusquam

257 777 398 816 iniuria
441 783 602 829 partas,
644 779 731 818 sine
769 777 947 818 sordidis
979 778 1238 830 quaestibus,
1282 792 1458 830 quarum
1490 784 1577 818 tam
1610 777 1810 818 honestus
1842 778 1893 817 sit

258 850 395 888 exitus
427 863 554 900 quam
587 850 797 897 introitus,
841 849 990 901 quibus
1022 863 1149 888 nemo
1181 850 1440 901 ingemescat
1471 849 1545 888 nisi
1579 849 1792 901 malignus.
1854 849 1894 888 in

258 927 460 972 quantum
494 920 552 959 uis
587 933 801 972 exaggera
833 919 945 959 illas:
991 919 1197 960 honestae
1228 927 1344 968 sunt,
1387 921 1426 959 in
1459 920 1607 972 quibus
1639 934 1732 960 cum
1765 918 1896 959 multa

257 992 358 1038 sint,
392 1005 500 1043 quae
531 1005 605 1031 sua
638 992 813 1043 quisque
845 991 924 1031 dici
957 991 1077 1039 uelit,
1119 991 1218 1031 nihil
1250 998 1333 1039 est,
1376 993 1492 1044 quod
1524 992 1742 1043 quisquam
1774 1004 1894 1030 suum

257 1063 391 1114 possit
425 1063 572 1103 dicere.
616 1062 682 1102 ille
715 1076 816 1102 uero
849 1062 1043 1102 fortunae
1065 1063 1367 1114 benignitatem
1391 1077 1415 1102 a
1436 1076 1481 1102 se
1502 1076 1587 1102 non
1609 1062 1895 1102 summouebit

259 1140 300 1173 et
344 1135 597 1186 patrimonio
635 1147 710 1186 per
741 1133 919 1174 honesta
951 1134 1141 1185 quaesito
1174 1147 1250 1173 nec
1282 1133 1526 1185 gloriabitur
1556 1147 1634 1173 nec
1666 1133 1894 1173 erubescet.

223 1216 238 1239 -3
258 1204 430 1245 habebit
462 1210 605 1245 tamen
638 1207 764 1245 etiarn
797 1218 881 1257 quo
914 1205 1130 1257 glorietur,
1163 1205 1195 1243 si
1227 1210 1373 1256 aperta
1405 1205 1536 1244 domo
1569 1210 1611 1244 e't
1643 1204 1826 1244 admissa
1856 1205 1894 1243 in

258 1289 323 1315 res
366 1290 462 1315 suas
505 1276 670 1316 ciuitate
712 1277 868 1328 poterit
911 1277 1074 1316 dicere:
1121 1276 1234 1327 quod
1274 1277 1449 1327 quisque
1481 1277 1721 1327 agnouerit,
1763 1275 1894 1314 tollat.

258 1360 284 1386 o
318 1360 518 1398 magnum
553 1348 697 1395 uirum,
730 1361 756 1386 o
788 1348 949 1399 optime
983 1348 1177 1395 diuitem,
1210 1347 1242 1386 si
1274 1354 1372 1398 post
1405 1347 1512 1386 hanc
1545 1361 1694 1386 uocem
1728 1353 1893 1387 tantun-

259 1419 357 1457 dem
400 1418 617 1458 habuerit!
664 1419 721 1458 ita
765 1419 880 1466 dico,
923 1419 955 1457 si
996 1424 1090 1458 tuto
1131 1424 1174 1457 et
1206 1431 1373 1457 securus
1405 1419 1705 1458 scrutationem
1737 1418 1895 1470 populo

258 1489 517 1541 praebuerit,
560 1490 593 1528 si
635 1488 732 1528 nihil
773 1491 999 1541 quisquam
1037 1490 1149 1541 apud
1191 1488 1303 1528 illum
1347 1489 1570 1538 inuenerit,
1612 1490 1710 1541 quoi
1750 1503 1897 1532 manus

259 1561 408 1608 iniciat,
442 1560 656 1600 audaciter
688 1566 729 1600 et
761 1560 981 1613 propalam
1016 1560 1091 1600 erit
1125 1561 1251 1599 diues.
1305 1561 1468 1612 sapiens
1501 1560 1657 1600 nullum
1682 1561 1896 1600 denarium

258 1632 365 1671 intra
406 1630 531 1670 limen
575 1624 694 1670 suum
738 1632 936 1671 admittet
979 1630 1088 1671 male
1126 1632 1361 1671 intrantem.
1424 1631 1535 1671 idem
1575 1645 1750 1684 magnas
1782 1645 1897 1684 opes,

259 1716 408 1742 munus
452 1702 642 1742 fortunae
682 1701 946 1754 fructumque
978 1702 1163 1750 uirtutis,
1206 1716 1289 1742 non
1323 1702 1555 1754 repudiabit
1587 1716 1664 1742 nec
1696 1702 1896 1743 excludet.

259 1774 359 1824 quid
392 1775 501 1812 enim
535 1780 598 1813 est
631 1786 760 1825 quare
792 1773 867 1813 illis
899 1773 1014 1813 bono
1048 1772 1142 1813 loco
1166 1774 1375 1813 inuideat?
1410 1774 1588 1821 ueniant,
1621 1773 1896 1827 hospitentur.

262 1858 339 1883 nec
371 1844 542 1884 iactabit
563 1844 650 1883 illas
673 1858 750 1884 nec
773 1844 1028 1884 abscondet:
1064 1844 1241 1884 alterurn
1265 1844 1443 1884 infruniti
1465 1846 1590 1884 animi
1613 1851 1688 1893 est,
1721 1844 1897 1885 alterum

229 1926 242 1949 ·3
262 1914 394 1954 timidi
445 1921 487 1954 et
535 1914 667 1966 pusilli
711 1914 824 1955 uelut
867 1928 1066 1967 magnum
1111 1915 1270 1954 bonum
1313 1915 1420 1955 intra
1459 1917 1593 1955 sinum
1636 1912 1897 1956 continentis.

266 1998 353 2033 nec,
387 1993 432 2026 ut
461 1986 558 2033 dixi,
592 1987 711 2026 eiciet
733 1985 822 2025 illas
845 1999 867 2025 e
890 1987 1033 2026 domo.
1076 1987 1175 2037 quid
1205 1988 1314 2025 enim
1345 1987 1482 2026 dicet?
1516 1993 1709 2027 utrumne
1736 1985 1897 2026 inutiles

461 2160 503 2182 sc.
526 2151 658 2181 diuitiae
677 2161 703 2184 e.
722 2154 786 2192 que

267 2197 277 2230 l
318 2198 462 2228 habeant
489 2209 588 2238 quam
617 2198 702 2239 apud
729 2209 781 2229 me
809 2198 1009 2242 (suprascr.
1038 2209 1081 2231 m.
1109 2207 1180 2231 rec.
1209 2198 1228 2228 (l
1255 2199 1365 2234 007'7'.)
1511 2196 1531 2227 53
1567 2197 1620 2228 ille
1762 2197 1783 2230 l*
1811 2198 1897 2239 aPu‘l

264 2280 296 2320 (d
323 2280 434 2322 corr.)
558 2281 599 2311 ad
627 2286 824 2322 postremum
847 2279 880 2314 E
893 2282 898 2302 ¹
915 2294 920 2312 :
951 2292 989 2312 ae
1008 2287 1206 2323 postremum
1329 2281 1348 2309 12
1375 2264 1737 2324 pecunias(suprascr.
1752 2290 1796 2313 m.
1812 2282 1896 2321 ree.)

381 2338 590 2380 9·questil)us
712 2338 756 2372 ‘IO
784 2341 944 2382 malignus
971 2340 998 2381 (s
1028 2340 1062 2372 r'n
1081 2339 1172 2383 ras.)
1299 2339 1340 2372 12
1367 2339 1429 2370 Sint
1455 2339 1486 2369 in
1513 2350 1569 2370 sua
1595 2340 1700 2381 quisq}
1731 2340 1795 2370 diei
1822 2339 1896 2370 UClst

1355 2396 1451 2421 hiloso
1477 2396 1505 2421 h·

263 2432 312 2476 (in
340 2444 452 2477 marq.
481 2445 523 2467 m.
552 2437 571 2468 4
600 2447 627 2469 c,
655 2448 717 2478 que
742 2446 798 2467 sua
824 2445 901 2476 φης
928 2435 991 2465 dici
1019 2435 1107 2476 uelit)
1248 2433 1289 2467 13
1330 2406 1383 2465 illle
1408 2405 1485 2465 uerpo
1513 2434 1712 2478 (suprascr.
1740 2445 1784 2467 m.
1811 2442 1897 2484 rec.)

413 2492 449 2525 Ῑῗ)
476 2494 630 2533 glorietur
657 2494 760 2529 dest:
790 2495 969 2535 glorientur
1143 2494 1181 2526 115
1216 2494 1355 2535 quisq3-x-
1509 2492 1547 2526 17
1585 2494 1699 2531 uirum,
1727 2503 1746 2523 o
1773 2493 1898 2534 optime

264 2552 396 2582 diuitem
425 2550 586 2596 Lt'pse'ns:
618 2555 690 2586 uiri]
719 2553 815 2596 (lac.)
843 2554 967 2595 optime
993 2553 1126 2584 diuitem
1154 2551 1232 2586 cod.
1261 2551 1308 2596 cll
1336 2563 1416 2597 epp.
1435 2554 1491 2592 70,
1520 2553 1558 2584 21
1589 2563 1609 2582 0
1637 2553 1739 2582 uirum
1767 2552 1895 2589 sortem,

263 2622 282 2641 ο
310 2612 456 2651 dignum,
484 2610 546 2645 ubi
569 2612 702 2646 νήἱυνῖα
730 2612 852 2646 Haase
877 2610 1028 2646 alterum
1056 2623 1075 2643 o
1102 2610 1244 2645 inclusit
1395 2612 1432 2644 w
1467 2612 1553 2652 apud
1582 2611 1615 2651 (d
1644 2612 1754 2652 corr.)

264 2671 339 2711 quoi
369 2667 541 2714 Mallmys:
579 2683 642 2712 quo
678 2681 757 2704 cum
792 2681 926 2704 rasura
1119 2670 1164 2705 20
1198 2672 1350 2702 audacter
1383 2671 1489 2711 (iuter
1515 2681 1531 2701 c
1559 2674 1592 2703 ec
1617 2674 1627 2700 t
1656 2671 1664 2700 i
1691 2669 1814 2710 crasa)
1848 2667 1896 2712 cll

271 2727 474 2762 Bramhaclt
505 2728 580 2763 Lat.
605 2729 774 2775 (lrllmqr.
799 2741 835 2775 p.
857 2731 922 2762 202
1044 2731 1081 2762 21
1115 2730 1293 2761 admittet*
1320 2729 1424 2768 (lenis
1442 2731 1529 2770 ras.)
1652 2728 1894 2769 221·epudia1›ii

266 2789 302 2821 (l)
328 2798 377 2821 aa?
404 2800 420 2819 u
449 2790 558 2830 corr.)
697 2788 736 2821 ‘24
771 2790 901 2820 iactauit
930 2790 961 2830 (u
988 2788 1022 2822 in
1050 2790 1070 2819 b
1097 2790 1207 2830 corn)
1345 2788 1388 2822 25
1416 2789 1608 2819 continentis
1635 2786 1685 2827 (in
1712 2797 1825 2831 marq.
1852 2797 1896 2819 m.

265 2850 283 2879 *l
312 2860 338 2880 c.
368 2853 410 2878 ni)
440 2849 646 2888 continentis)

1921 1070 1940 1103 10

1924 1566 1943 1599 »20

1923 1991 1944 2024 ,ἑκ
