1977 3231
104 992 124 1024 «ᾧ

492 112 786 138 CONTVMELIAM
816 112 1008 138 ACCIPERE
1037 112 1273 139 SAPIENTEM.
1300 113 1347 139 v1.
1376 113 1437 138 VH.
1722 119 1773 156 23

155 222 259 261 quos
282 208 527 248 Alexander
549 209 723 257 intrauit,
748 203 831 249 non
854 209 1114 261 Carthaginis
1137 215 1206 248 aut
1227 209 1475 248 Numantiae
1499 211 1673 254 moenia,
1697 225 1776 249 una

156 293 278 319 manu
301 285 432 331 capta,
466 293 549 318 non
576 279 825 331 Capitolium
850 293 1054 326 arcemue,
1087 293 1194 331 quae
1226 279 1381 318 habent
1414 280 1593 319 inustum
1628 281 1775 320 hostile

155 349 382 389 fastidium:
409 349 474 389 illa
492 341 599 401 quae
621 351 852 402 sapientem
871 356 1048 398 tuentur,
1071 356 1111 388 et
1134 363 1157 388 a
1178 349 1345 389 flamma
1368 357 1408 389 et
1431 351 1484 389 ab
1503 351 1663 390 incursu
1686 357 1775 390 tuta

153 425 258 467 sunt,
292 420 446 459 nullum
469 420 680 460 introitum
705 420 917 473 praebent,
951 419 1129 467 excelsa,
1163 420 1511 472 inexpugnabilia,
1546 421 1607 460 dis
1630 435 1773 473 aequa.

273 490 362 529 VII.
406 491 502 529 Non
537 496 598 529 est
630 492 745 542 quod
779 491 912 538 dicas,
954 490 1009 529 ita
1043 496 1086 529 ut
1118 489 1246 537 soles.
1294 490 1401 530 hunc
1433 492 1664 543 sapientem
1699 506 1770 531 no-
1813 503 1827 525 5

153 567 283 600 strum
317 575 520 613 nusquam
544 562 723 600 inueniri.
767 575 849 600 non
882 560 1075 612 fingimus
1108 561 1215 599 istud
1240 560 1407 600 humani
1441 562 1588 613 ingenii
1623 576 1774 601 uanum

154 632 280 670 decus
313 645 387 670 nec
420 632 630 683 ingentem
666 632 888 683 imaginem
931 630 1056 670 falsae
1098 631 1154 670 rei
1188 631 1462 683 concipimus,
1502 633 1575 671 sed
1609 631 1773 683 qualem

154 701 477 749 conformamus,
510 702 776 741 exhibuimus
800 708 840 741 et
864 702 1167 749 exhibebimus,
1203 715 1294 741 raro
1328 701 1496 741 forsitan
1531 704 1775 754 magnisque

153 778 337 811 aetatum
370 772 591 812 interuallis
615 786 753 812 unum.
796 786 930 824 neque
963 773 1072 811 enim
1097 785 1251 824 magna
1273 778 1314 811 et
1337 774 1585 812 excedentia
1607 773 1773 813 solitum

152 857 200 882 ac
232 843 445 895 uolgarem
480 844 654 883 modum
680 843 826 882 crebro
861 843 1094 895 gignuntur.
1150 848 1333 882 ceterum
1367 843 1432 882 hic
1454 844 1541 895 ipse
1575 844 1631 882 M.
1655 844 1773 891 Cato,

151 928 175 953 a
207 914 319 953 cuius
353 914 563 952 mentione
596 913 699 953 haec
730 914 956 966 disputatio
1000 914 1221 965 processit,
1267 927 1414 952 uereor
1446 928 1498 952 ne
1540 928 1664 967 supra
1697 928 1770 953 no-

151 990 281 1024 strum
315 984 531 1036 exemplar
563 985 624 1024 sit.
688 985 864 1036 denique
908 984 1081 1023 ualidius
1124 985 1252 1023 debet
1284 998 1374 1023 esse
1406 985 1521 1036 quod
1563 984 1689 1023 laedit
1723 999 1773 1023 eo

151 1056 266 1107 quod
299 1055 485 1095 laeditur.
548 1069 631 1094 non
665 1061 727 1094 est
750 1062 889 1094 autem
923 1054 1069 1094 fortior
1102 1056 1282 1107 nequitia
1304 1056 1479 1094 uirtute:
1500 1069 1599 1094 ·non
1634 1063 1773 1107 potest

151 1139 252 1178 ergo
285 1125 391 1165 laedi
424 1126 598 1178 sapiens.
670 1126 812 1164 iniuria
854 1126 892 1164 in
935 1125 1072 1164 bonos
1106 1126 1178 1164 nisi
1211 1139 1235 1164 a
1267 1125 1383 1164 malis
1416 1140 1500 1164 non
1532 1131 1772 1178 temptatur.

149 1196 270 1236 bonis
303 1197 406 1235 inter
437 1210 482 1236 se
514 1210 599 1248 pax
633 1202 705 1236 est.
768 1195 862 1235 mali
897 1202 983 1235 tam
1017 1195 1136 1234 bonis
1168 1196 1384 1248 perniciosi
1417 1210 1542 1247 quam
1582 1197 1686 1235 inter
1718 1212 1772 1237 se.

149 1268 299 1319 quodsi
331 1267 438 1306 laedi
471 1267 544 1306 nisi
577 1267 775 1306 infirmior
807 1280 891 1305 non
923 1272 1074 1318 potest,
1109 1266 1241 1305 malus
1265 1272 1404 1305 autem
1438 1267 1552 1305 bono
1576 1266 1774 1306 infirmior

150 1344 223 1385 est,
256 1351 332 1377 nec
355 1338 497 1377 iniuria
528 1338 647 1377 bonis
664 1338 744 1376 *nisi
767 1351 790 1375 a
815 1337 966 1390 dispari
990 1338 1172 1376 uerenda
1195 1343 1280 1376 est:
1318 1337 1459 1375 iniuria
1483 1338 1520 1375 in
1542 1337 1772 1389 sapientem

150 1409 281 1448 uirum
315 1422 396 1448 non
432 1409 551 1448 cadit.
616 1408 712 1447 illud
746 1408 854 1447 enim
897 1408 978 1447 iam
1021 1421 1104 1447 non
1147 1421 1189 1446 es
1232 1407 1523 1446 admonendus
1565 1409 1772 1447 neminem

150 1479 309 1518 bonum
343 1492 433 1518 esse
466 1479 538 1518 nisi
571 1479 810 1530 sapientem.
884 1479 917 1517 si
949 1479 1111 1527 iniuste,
1144 1479 1290 1530 inquit,
1323 1477 1519 1517 Socrates
1553 1479 1773 1517 damnatus

149 1556 232 1597 est,
256 1598 263 1606 Ι
286 1550 471 1589 iniuriam
515 1551 684 1601 accepit.
767 1549 849 1588 hoc
890 1549 984 1588 loco
1027 1549 1266 1601 intellegere
1307 1562 1383 1587 nos
1436 1555 1604 1601 oportet
1646 1563 1771 1601 posse

149 1621 324 1668 euenire,
358 1627 401 1660 ut
433 1621 555 1659 faciat
588 1620 732 1671 aliquis
763 1620 947 1659 iniuriam
981 1619 1078 1659 mihi
1111 1625 1152 1659 et
1175 1633 1256 1672 ego
1289 1633 1371 1658 non
1405 1620 1629 1672 accipiam:
1667 1626 1769 1658 tam-

147 1704 273 1742 quam
317 1691 349 1729 si
392 1691 481 1742 quis
525 1704 635 1738 rem,
677 1704 802 1742 quam
847 1704 869 1729 e
913 1690 1006 1730 uilla
1048 1704 1142 1729 mea
1183 1690 1396 1742 subripuit,
1439 1691 1477 1729 in
1516 1690 1645 1729 domo
1679 1705 1772 1729 mea

151 1768 293 1813 ponat,
326 1761 392 1800 ille
425 1760 576 1800 furtum
600 1760 751 1809 fecerit,
786 1774 866 1813 ego
899 1760 994 1799 nihil
1026 1761 1289 1813 perdiderim.
1352 1766 1492 1812 potest
1524 1761 1666 1812 aliquis
1699 1775 1769 1799 no-

151 1846 248 1872 cens
281 1831 378 1880 fieri,
411 1833 599 1884 quamuis
632 1845 717 1871 non
749 1832 946 1871 nocuerit.
1000 1832 1031 1870 si
1064 1832 1153 1883 quis
1187 1845 1280 1870 cum
1305 1845 1438 1870 uxore
1461 1845 1534 1870 sua
1555 1839 1770 1882 tamquam

151 1915 244 1942 cum
277 1902 409 1942 aliena
440 1902 706 1954 concumbat,
739 1901 901 1941 adulter
933 1902 1020 1959 erit,
1052 1902 1242 1953 quamuis
1275 1901 1340 1940 illa
1372 1901 1561 1940 adultera
1592 1915 1676 1940 non
1708 1901 1770 1941 sit.
1791 1922 1814 1941 -..

149 1973 292 2025 aliquis
326 1973 423 2012 mihi
446 1987 651 2013 uenenum
676 1973 803 2021 dedit,
836 1973 912 2012 sed
945 1973 1027 2011 uim
1060 1986 1178 2012 suam
1202 1972 1426 2011 remixtum
1451 1972 1544 2011 cibo
1567 1973 1766 2024 perdidit:

149 2057 355 2083 uenenum
397 2044 459 2083 ille
501 2044 642 2083 dando
685 2043 850 2083 sceleris
891 2057 936 2083 se
978 2042 1195 2095 obligauit,
1249 2043 1373 2082 etiam
1421 2043 1453 2081 si
1496 2056 1576 2081 non
1621 2044 1770 2082 nocuit.

148 2128 230 2153 non
264 2115 397 2154 minus
430 2114 535 2154 latro
559 2121 633 2162 est,
667 2114 778 2153 cuius
802 2113 929 2153 telum
952 2113 1148 2165 obposita
1180 2119 1296 2152 ueste
1319 2112 1478 2152 elusum
1503 2119 1572 2151 est.
1630 2113 1772 2151 onmia

148 2184 304 2224 scelera
336 2185 460 2224 etiam
494 2190 589 2224 ante
621 2184 815 2224 effectum
849 2185 996 2236 operis,
1030 2190 1232 2235 quantum
1264 2183 1408 2235 culpae
1440 2184 1538 2223 satis
1571 2189 1644 2231 cst,
1678 2197 1768 2235 per-

66 2261 112 2298 ⁸5
150 2257 258 2294 fecta
290 2261 395 2294 sunt.
450 2256 657 2306 quaedam
691 2254 776 2293 eius
809 2255 1063 2294 condicionis
1096 2260 1190 2294 sunt
1213 2260 1253 2293 et
1285 2253 1363 2292 hac
1396 2254 1483 2293 uice
1516 2253 1770 2305 copulantur,

276 2372 281 2404 Ι
307 2373 413 2412 menia
512 2374 532 2404 ‘3
551 2382 633 2413 quae
650 2372 772 2402 habent
791 2372 927 2401 inustum
948 2369 1064 2403 Koch:
1087 2371 1207 2401 habent
1227 2370 1285 2400 ista
1306 2371 1452 2406 (fatentia
1471 2370 1589 2401 hostile
1608 2370 1769 2400 fastidium

150 2440 314 2486 Madm‘q)
451 2444 470 2473 :5
498 2453 524 2473 -:-
542 2442 726 2480 fastidium,
762 2441 796 2474 in
832 2452 946 2485 mary.
974 2452 1018 2475 7η,
1045 2450 1114 2475 rec.
1151 2452 1176 2471 ÷
1196 2442 1364 2482 uestigium
1508 2428 1671 2481 illaq;qu9
1697 2448 1770 2480 (quc

149 2511 191 2534 m.
212 2510 282 2534 rec.
301 2507 496 2544 supt’l'SCJ'.)
604 2499 624 2533 4
651 2501 712 2531 diis
818 2501 836 2530 ἴ)
864 2501 907 2542 qd
936 2501 970 2539 (d
998 2509 1092 2533 corr.
1111 2510 1160 2533 σας
1187 2504 1210 2535 1)
1316 2501 1375 2530 ista
1481 2503 1500 2528 δ’
1528 2500 1769 2530 conformamus

1515 2566 1521 2580 l

154 2593 354 2638 lVoelffll'n:
385 2595 613 2626 consu-mamus
734 2599 764 2626 et
791 2593 876 2628 add.
897 2604 939 2628 m.
960 2593 1021 2627 alt.
1124 2593 1156 2625 ll
1191 2594 1249 2624 hec
1371 2594 1406 2626 12>
1433 2594 1558 2624 ualidus
1585 2594 1608 2629 (1
1636 2603 1678 2624 m.
1695 2602 1767 2636 luz!

273 2653 305 2686 11
336 2654 395 2684 nisi
414 2650 429 2666 ³
450 2654 544 2684 malis
675 2654 709 2685 lffi'
737 2654 938 2685 &monendus
1060 2654 1102 2685 '32
1130 2648 1169 2693 «1³
1197 2652 1300 2693 (7118.)
1422 2652 1465 2684 25»
1493 2657 1536 2684 cii
1564 2652 1668 2681 aliena
1690 2649 1767 2683 cod.

149 2713 254 2744 aliena
286 2712 362 2750 sine
394 2723 465 2743 eum
501 2710 648 2746 Fickert
680 2718 712 2746 et
744 2711 869 2745 Haase
1012 2712 1055 2744 213
1091 2712 1257 2742 remixtum
1294 2709 1400 2755 mclqo
1432 2717 1513 2744 {mlo
1541 2708 1766 2743 I¹⁷iclccrlwu1

149 2772 318 2802 remixtam
416 2771 455 2804 2}
488 2771 540 2801 ille
560 2768 726 2815 JIatlm'q:
750 2771 826 2801 illud
925 2771 1051 2801 sceleris
1073 2770 1199 2803 Gal-st:
1222 2771 1333 2801 sceleri
1431 2772 1475 2800 ,¹30
1503 2781 1522 2799 ÷÷
1549 2782 1564 2798 a<
1580 2770 1770 2800 cicun-ionis

150 2835 219 2861 sunt
245 2829 279 2862 ι”)ι
305 2839 417 2874 marq.
437 2840 479 2862 m.
500 2828 559 2863 alc.

1798 856 1827 879 lo

1797 1207 1826 1233 15

1792 1564 1825 1589 ’.Συ

1791 2270 1823 2293 30
