1977 3231
422 130 526 157 DIAL.
551 130 599 157 VI.
640 131 693 156 AD
716 130 904 156 MARCIAM
928 129 978 156 DE
999 129 1319 157 CONSOLA‘I'IONE.
1361 132 1401 158 iii.
1648 135 1724 174 137

104 241 197 266 cum
232 227 498 267 muliebribus
530 228 703 280 ingeniis
734 228 868 279 egisse
901 234 942 267 et
974 228 1146 267 uirtutes
1178 227 1336 266 illarum
1369 228 1407 266 in
1440 233 1575 267 artum
1600 233 1726 267 retra-

103 299 242 338 xisse?
274 311 348 351 par
380 297 465 345 illis,
499 297 598 337 mihi
630 299 766 345 crede,
799 299 928 350 uigor,
960 311 1035 350 par
1066 298 1120 337 ad
1152 297 1350 346 honesta,
1393 298 1523 337 libera
1556 297 1728 338 facultas

57 374 77 407 '2
104 374 176 408 est.
239 368 429 408 dolorem
462 368 735 420 laboremque
767 382 822 407 ex
854 381 1010 420 aequo,
1044 368 1073 407 si
1108 381 1372 416 consueuere,
1404 359 1626 420 patiuntur.
1689 370 1728 408 in

100 453 182 491 qua
213 439 322 478 istud
357 439 469 487 urbe,
503 440 543 478 di
574 439 686 487 boni,
719 439 950 491 loquimur?
990 439 1027 477 in
1061 452 1142 490 qua
1175 452 1317 491 regem
1351 439 1553 478 Romanis
1587 440 1726 492 capiti-

100 510 177 550 bus
220 510 412 549 Lucretia
460 516 501 549 et
543 510 692 549 Brutus
741 511 1001 549 deiecerunt:
1055 509 1184 548 Bruto
1235 509 1469 549 libertatem
1513 510 1727 557 debemus,

101 581 318 620 Lucretiae
360 580 546 619 Brutum.
609 581 647 619 in
686 594 766 632 qua
800 579 1002 619 Cloeliam
1047 586 1293 632 contempto
1336 587 1377 619 et
1419 580 1540 620 hoste
1574 587 1615 620 et
1654 581 1727 620 flu-

101 652 210 690 mine
252 651 455 702 insignem
500 651 556 690 ob
599 652 814 690 audaciam
857 657 1020 690 tantum
1054 664 1138 689 non
1170 651 1209 689 in
1243 651 1351 689 uiros
1385 652 1728 703 transcripsimus.

100 723 278 773 equestri
311 722 492 761 insidens
535 728 697 761 statuae
739 722 777 760 in
820 734 936 760 sacra
979 722 1064 768 uia,
1108 720 1379 760 celeberrimo
1412 721 1528 768 loco,
1573 722 1729 762 Cloelia

99 792 330 844 exprobrat
371 792 586 832 iuuenibus
628 793 778 831 nostris
820 792 1032 844 puluinum
1075 792 1416 840 escendentibus,
1469 793 1507 830 in
1551 806 1599 831 ea
1639 793 1730 832 illos

100 863 202 902 urbe
243 864 300 902 sic
343 863 523 915 ingredi,
566 864 604 902 in
648 877 729 915 qua
772 863 897 902 etiam
940 862 1112 901 feminas
1145 876 1254 914 equo
1289 862 1548 902 donauimus.
1610 864 1725 914 quod

99 934 131 972 si
162 933 235 972 tibi
267 934 327 971 uis
359 933 557 985 exempla
589 933 726 972 referri
759 933 1023 981 feminarum,
1055 946 1162 985 quae
1194 946 1293 971 suos
1326 933 1484 981 fortiter
1517 934 1726 973 desidera-

100 1005 250 1051 uerint,
282 1017 366 1042 non
400 1005 583 1043 ostiatim
616 1017 825 1055 quaeram.
889 1017 942 1042 ex
977 1017 1057 1042 una
1088 1003 1162 1042 tibi
1195 1003 1347 1042 familia
1381 1004 1483 1043 duas
1517 1002 1729 1043 Cornelias

100 1074 237 1114 dabo:
283 1075 461 1126 primam
494 1073 697 1126 Scipionis
739 1074 886 1122 filiam,
920 1073 1229 1114 Gracchorum
1253 1079 1443 1114 matrem.
1487 1059 1728 1114 ‘duodecim

98 1144 166 1192 illa
197 1151 337 1198 partus
369 1146 548 1184 totidem
582 1144 791 1184 funeribus
824 1145 1079 1195 recognouit.
1144 1151 1185 1184 et
1217 1146 1270 1184 de
1303 1145 1449 1184 ceteris
1481 1144 1597 1184 facile
1630 1152 1729 1189 erat,

98 1229 204 1267 quos
247 1229 324 1255 nec
367 1216 502 1255 editos
545 1229 623 1255 nec
654 1216 829 1255 amissos
862 1216 1004 1255 ciuitas
1047 1216 1197 1254 sensit:
1245 1215 1457 1254 Tiberium
1492 1215 1726 1255 Gracchum

99 1293 140 1326 et
163 1286 314 1327 Gaium
339 1286 588 1334 Gracchum,
621 1300 727 1338 quos
761 1288 885 1325 etiam
920 1287 988 1338 qui
1010 1286 1148 1325 bonos
1171 1279 1280 1325 uiros
1303 1287 1516 1338 negauerit
1550 1300 1728 1338 magnos

99 1358 312 1405 fatebitur,
366 1364 407 1397 et
461 1358 622 1397 occisos
674 1358 774 1397 uidit
827 1362 868 1396 et
919 1356 1157 1409 insepultos.
1223 1356 1533 1396 consolantibus
1585 1363 1727 1396 tamen

99 1429 376 1481 miseramque
421 1429 673 1475 dicentibus,
717 1441 957 1479 numquam,
991 1428 1130 1480 inquit,
1165 1441 1248 1467 non
1282 1427 1443 1466 felicem
1477 1441 1545 1467 me
1577 1429 1726 1475 dicam,

60 1503 66 1512 ⁷
97 1512 204 1550 quae
236 1498 450 1538 Gracchos
493 1500 645 1551 peperi.
711 1498 902 1539 Cornelia
936 1498 1026 1537 Liui
1058 1498 1182 1537 Drusi
1229 1498 1499 1537 clarissimum
1534 1499 1724 1538 iuuenem

97 1569 275 1609 inlustris
307 1570 478 1621 ingenii,
525 1570 751 1608 uadentem
783 1583 858 1622 per
891 1568 1135 1608 Gracchana
1168 1569 1364 1620 uestigia,
1398 1568 1631 1621 inperfectis
1663 1575 1727 1609 tot

98 1640 385 1692 rogationibus
437 1641 542 1679 intra
594 1646 767 1692 penates
818 1640 1113 1692 interemptum
1164 1653 1282 1687 suOS,
1336 1640 1529 1679 amiserat
1572 1640 1727 1679 incerto

97 1711 235 1750 caedis
277 1717 458 1750 auctore.
520 1717 663 1750 tamen
705 1717 746 1750 et
790 1710 985 1751 acerbam
1029 1717 1209 1750 mortem
1252 1710 1319 1750 filii
1363 1717 1404 1750 et
1436 1710 1606 1750 inultam
1641 1717 1727 1750 tam

51 1786 63 1815 Γ
97 1794 254 1834 magno
287 1782 425 1821 animo
457 1781 570 1830 tulit,
603 1795 729 1833 quarn
762 1783 848 1835 ipse
881 1781 996 1833 leges
1028 1782 1188 1821 tulerat.
1252 1782 1333 1821 iam
1367 1795 1459 1821 cum
1492 1781 1657 1821 fortuna
1689 1782 1728 1820 in

98 1853 286 1904 gratiam,
319 1852 488 1901 Marcia,
521 1854 749 1901 reuerteris,
782 1854 815 1892 si
847 1852 930 1892 tela
962 1866 1068 1904 quae
1100 1853 1139 1891 in
1163 1852 1379 1904 Scipiones
1403 1851 1728 1904 Scipionumque

98 1928 253 1962 matres
295 1936 343 1962 ac
384 1923 485 1963 filias
529 1924 692 1976 exegit,
734 1924 883 1976 quibus
918 1923 1117 1963 Caesares
1160 1924 1299 1975 petiit,
1345 1937 1397 1962 ne
1429 1937 1453 1962 a
1484 1930 1526 1962 te
1557 1923 1780 1975 quidem-5

99 1994 326 2034 continuit?
368 1994 491 2047 plena
533 2001 573 2033 et
615 1994 762 2033 infesta
806 1995 925 2034 uariis
958 1994 1121 2033 casibus
1154 1996 1238 2033 uita
1271 2000 1354 2042 est,
1397 2008 1421 2033 a
1452 1995 1601 2046 quibus
1633 1993 1728 2033 nulli

98 2064 225 2117 longa
256 2078 353 2118 pax,
387 2066 455 2104 uix
488 2066 670 2104 indutiae
703 2071 808 2105 sunt.
871 2072 1068 2117 quattuor
1106 2065 1258 2104 liberos
1292 2064 1528 2112 sustuleras,
1562 2064 1726 2104 Marcia.

101 2229 115 2261 1
148 2229 358 2260 muliebribus
385 2230 520 2270 ingeniis
548 2226 764 2262 Pincianus:
803 2230 945 2260 mulieris
971 2202 1095 2270 ingenis
1240 2230 1259 2260 2
1288 2230 1385 2260 michi
1520 2229 1623 2260 libera
1653 2226 1725 2261 E':

100 2288 200 2319 libeat
337 2290 356 2321 :23
383 2289 409 2318 si
437 2287 655 2321 (lele7·i07'es:
685 2292 721 2321 s&
858 2288 877 2321 G
905 2293 933 2319 et
961 2290 1054 2319 hoste
1080 2287 1222 2322 Haase:
1254 2289 1380 2319 inhoste
1528 2287 1541 2320 ἶ
1570 2288 1727 2328 insignem

99 2347 143 2377 ob
174 2344 301 2380 Gertz:
332 2348 376 2378 ob
404 2348 561 2388 insignem
675 2350 696 2381 ὅ
725 2348 860 2389 equestri
889 2348 1029 2378 insidens
1055 2353 1178 2379 statuae
1205 2352 1383 2391 tamqnam
1411 2346 1568 2391 ineptum
1591 2351 1726 2378 ηιιιΙαη-

101 2405 184 2439 (lum
212 2416 288 2440 esse
314 2412 432 2440 censet
462 2406 500 2440 O.
527 2405 618 2440 Ialm
647 2405 788 2451 (philol.
817 2407 870 2448 28,
895 2417 931 2451 p.
952 2407 986 2446 9)
1014 2406 1048 2439 in
1076 2407 1214 2448 equestri
1241 2411 1357 2445 statua,
1383 2404 1450 2438 sed
1474 2405 1590 2450 ’ἱρειιηι
1621 2404 1726 2438 Sene-

102 2475 180 2499 cam
207 2465 418 2499 correxisse
444 2463 589 2499 uidetur
725 2466 851 2497 Cloelia
879 2467 1054 2507 exprobrat
1083 2463 1211 2509 aul-qo:
1251 2465 1409 2496 Cloeliam
1437 2465 1594 2505 exprobat

101 2526 121 2557 9
148 2524 180 2555 in
207 2535 244 2555 ea
271 2525 342 2555 illos
368 2525 446 2556 urbe
458 2535 478 2555 ³2:-
517 2524 561 2566 (in
588 2535 625 2555 ea
653 2524 687 2558 iu
714 2526 802 2563 ras.)
935 2524 977 2557 w
1003 2525 1118 2565 quodsi
1146 2525 1204 2555 libi
1231 2525 1277 2554 uis
1304 2521 1518 2557 Pincianus:
1557 2523 1643 2564 quod
1670 2523 1727 2553 iibi

101 2583 176 2614 sinis
288 2583 325 2615 13
351 2584 509 2624 grachou
625 2582 665 2616 14
693 2588 738 2614 est
765 2582 843 2619 cod.
871 2588 937 2614 erat
966 2581 1086 2619 lsoclu
1116 2581 1313 2616 Pincianus
1338 2586 1464 2615 contra
1490 2581 1608 2615 statim
1635 2582 1726 2612 sentit

98 2652 169 2686 pro
195 2643 291 2673 sensit
318 2640 547 2675 scribendum
574 2652 652 2675 esse
678 2641 815 2675 censuit
943 2642 978 2674 if»
1007 2643 1142 2682 editos÷÷÷
1259 2642 1299 2674 T.
1327 2642 1503 2683 gracchum
1531 2651 1610 2681 quos
1637 2638 1727 2678 cod,

103 2699 185 2734 olim
209 2699 412 2745 suppletum
554 2701 594 2734 19
622 2702 706 2732 Liuii
732 2702 829 2732 Drusi
855 2700 1016 2745 Lipsius:
1048 2701 1112 2731 ‹iiui
1140 2701 1225 2731 ‹irusi
1361 2701 1404 2732 2²2
1432 2700 1520 2731 cedi<
1641 2704 1669 2729 et
1697 2699 1727 2728 in

104 2763 208 2826 uiti}ta
234 2805 353 2835 magno
380 2796 451 2826 tulit
476 2806 572 2837 quam
601 2794 691 2835 cod„
719 2796 852 2827 inultam
880 2793 952 2838 ΕΙ,
979 2805 1099 2835 magno
1127 2795 1236 2825 animo
1264 2792 1462 2827 deteriores
1574 2792 1616 2825 ‘25
1647 2793 1727 2822 filias

109 2851 259 2898 [Αἰνείης.
290 2851 460 2897 Madm'ff:
493 2854 574 2885 filios
696 2855 786 2895 petiit
812 2852 940 2898 uulqo:
972 2855 1048 2895 petit
1170 2853 1212 2886 ’ΒΤ
1242 2854 1391 2893 indutie-2:-
1419 2857 1487 2883 sunt

1750 873 1781 898 10

1752 1227 1780 1250 15

1748 1579 1781 1603 20
