1977 3231
57 236 76 269 ζ)

527 132 733 159 ACCIDANT
760 133 842 159 CVM
870 132 1143 159 PROVIDENTIA
1169 133 1240 162 SIT.
1267 132 1304 159 11.
1702 142 1725 178 3

103 228 296 268 omnibus
335 229 517 268 externis
549 230 772 283 potentior.
844 244 920 270 nec
961 231 1042 271 hoc
1075 231 1192 279 dico,
1235 246 1318 271 non
1361 232 1484 272 sentit
1525 231 1607 280 illa,
1653 233 1729 272 sed

103 300 226 338 uincit
267 305 309 339 et
350 299 501 352 alioqui
532 301 706 352 quietus
748 301 1016 354 placidusque
1057 308 1203 342 contra
1241 303 1485 343 incurrentia
1516 302 1728 343 attollitur.

103 370 242 409 omnia
283 370 459 409 aduersa
510 371 831 410 exercitationes
883 377 1012 423 putat.
1065 372 1155 423 quis
1197 378 1358 420 autem,
1412 373 1471 412 uir
1514 373 1643 412 modo
1687 379 1728 412 et

104 445 264 479 erectus
296 441 350 479 ad
381 439 578 488 honesta,
622 455 707 480 non
749 448 810 481 est
853 441 1007 481 laboris
1049 442 1252 494 adpetens
1296 443 1387 482 iusti
1431 450 1472 483 et
1510 444 1564 483 ad
1596 443 1730 486 officia

105 523 198 549 cum
240 510 422 563 periculo
471 514 719 564 promptus?
772 512 834 551 cui
889 525 971 550 non
1022 512 1222 552 industrio
1276 513 1405 552 otium
1459 527 1595 566 poena
1637 517 1726 555 est?
1748 525 1762 547 ε’)

58 586 77 616 1¹·
104 580 284 635 athletas>
313 581 520 630 uidemus,
562 581 711 634 quibus
744 582 888 621 uirium
922 596 1019 622 cura
1051 589 1132 630 est,
1172 596 1265 622 cum
1299 582 1529 623 fortissimis
1561 584 1728 636 quibus-

63 1511 83 1543 (j

105 664 185 703 que
217 651 442 704 confligere
474 659 515 692 et
547 653 716 704 exigere
748 652 801 692 ab
834 652 895 691 his
935 666 1007 704 per
1039 667 1145 705 quos
1178 655 1390 693 certamini
1423 662 1731 710 praeparantur,

105 729 149 762 ut
180 723 279 762 totis
311 729 455 763 contra
486 725 597 776 ipsos
630 723 780 763 uiribus
813 729 990 763 utantur.
1044 724 1160 763 caedi
1192 738 1237 763 se
1266 726 1490 777 uexarique
1522 727 1731 778 patiuntur

107 802 145 833 et
195 794 228 833 si
279 808 364 833 non
416 794 625 833 inueniunt
668 793 853 845 singulos
905 808 1047 846 pares,
1100 794 1283 847 pluribus
1325 796 1444 835 simul
1487 797 1731 839 obiciuntur.

107 870 264 903 marcet
305 865 391 904 sine
423 865 660 904 aduersario
694 865 832 904 uirtus.
905 871 1005 904 tunc
1036 872 1210 917 apparet
1242 872 1396 918 quanta
1429 867 1479 906 sit
1511 874 1729 919 quantum-
1756 881 1785 905 w

107 947 187 986 que
219 934 386 986 polleat,
431 949 525 974 cum
559 936 658 987 quid
691 936 822 987 possit
859 936 1057 988 patientia
1090 937 1284 975 ostendit.
1347 938 1450 977 scias
1494 938 1588 978 licet
1621 940 1731 979 idem

107 1005 200 1044 uiris
242 1005 363 1044 bonis
406 1019 497 1044 esse
530 1004 781 1054 faciendum,
827 1012 870 1045 ut
914 1006 1017 1045 dura
1059 1020 1106 1045 ac
1140 1005 1315 1046 difficilia
1347 1022 1431 1047 non
1462 1008 1732 1055 reformident

106 1089 182 1114 nec
215 1076 267 1114 de
300 1075 385 1115 sato
419 1082 659 1127 querantur,
692 1077 893 1128 quidquid
927 1077 1072 1116 accidit
1105 1078 1203 1117 boni
1237 1078 1469 1126 consulant,
1503 1080 1541 1118 in
1574 1080 1731 1120 bonum

108 1151 282 1185 uertant.
344 1160 429 1185 non
461 1146 558 1198 quid
600 1147 674 1186 sed
707 1147 1067 1198 quemadmodum
1110 1147 1214 1187 feras
1247 1149 1427 1188 interest.
1490 1163 1574 1189 non
1607 1150 1732 1199 uides,

108 1222 264 1267 quanto
298 1216 414 1256 aliter
445 1223 596 1269 patres,
628 1217 745 1257 aliter
777 1224 932 1257 matres
964 1217 1232 1270 indulgeant?
1266 1219 1319 1258 illi
1341 1221 1557 1259 exercitari
1589 1221 1732 1261 iubent
1754 1233 1784 1256 15»

107 1285 261 1326 liberos
302 1287 356 1326 ad
395 1287 534 1338 studia
575 1287 772 1327 obeunda
814 1294 994 1336 mature,
1046 1287 1198 1328 feriatis
1248 1303 1417 1342 quoque
1460 1291 1607 1331 diebus
1649 1305 1731 1332 non

108 1357 316 1409 patiuntur
359 1371 449 1398 esse
492 1358 653 1398 otiosos
697 1364 738 1397 et
776 1359 974 1398 sudorem
1018 1358 1092 1399 illis
1124 1366 1166 1399 et
1197 1360 1405 1400 interdum
1437 1361 1626 1402 lacrimas
1658 1376 1730 1402 ex-

43 1475 49 1481 &
109 1428 276 1468 cutiunt.
339 1434 381 1468 at
422 1434 577 1468 matres
620 1427 761 1468 fouere
803 1430 842 1468 in
882 1429 993 1478 sinu,
1046 1431 1257 1469 continere
1299 1431 1338 1470 in
1386 1431 1534 1472 umbra
1576 1432 1731 1481 uolunt,

110 1512 337 1551 numquam
370 1500 612 1543 contristari,
645 1512 873 1552 numquam
906 1500 1015 1548 flere,
1048 1514 1276 1553 numquam
1299 1501 1500 1542 laborare.
1552 1505 1729 1556 patrium

110 1570 212 1609 deus
244 1569 373 1609 habet
414 1571 616 1610 aduersus
658 1570 795 1610 bonos
838 1571 948 1610 uiros
991 1572 1172 1611 animum
1216 1579 1258 1612 et
1300 1571 1390 1612 illos
1429 1573 1587 1613 fortiter
1619 1581 1731 1615 amat
1751 1584 1783 1608 20

111 1646 151 1679 et
204 1640 420 1692 operibus,
473 1641 622 1693 inquit,
676 1640 912 1689 doloribus,
966 1642 1129 1682 damnis
1173 1643 1457 1695 exagitentur,
1501 1650 1544 1684 ut
1587 1659 1729 1685 uerum

110 1710 320 1763 conligant
348 1710 483 1751 robur.
536 1710 735 1763 languent
766 1709 840 1765 pe'r
862 1713 1047 1752 inertiam
1070 1714 1259 1765 saginata
1284 1727 1361 1754 nec
1393 1714 1536 1754 labore
1569 1721 1731 1756 tantum

111 1781 186 1820 sed
227 1786 346 1820 motu
389 1786 430 1820 et
471 1782 560 1834 ipso
603 1783 663 1821 sui
716 1796 843 1823 onere
885 1782 1091 1824 deficiunt.
1163 1798 1247 1823 non
1299 1784 1377 1825 fert
1428 1785 1554 1826 ullum
1606 1787 1732 1826 ictum

111 1850 263 1891 inlaesa
294 1851 486 1891 felicitas:
533 1858 576 1892 at
617 1853 679 1892 cui
723 1854 896 1893 adsidua
937 1852 1010 1893 fuit
1055 1868 1148 1894 cum
1191 1855 1469 1895 incommodis
1510 1857 1591 1896 suis
1634 1858 1733 1906 rixa,

112 1921 263 1966 callum
293 1909 558 1975 per‘iniurias
597 1924 717 1963 duxit
755 1937 832 1963 nec
874 1923 940 1963 ulli
973 1924 1085 1964 malo
1124 1926 1234 1966 cedit
1275 1927 1351 1965 sed
1396 1925 1555 1967 etiamsi
1588 1929 1735 1969 cecidit
1754 1942 1787 1967 '25

113 1993 167 2032 de
198 2006 307 2045 genu
329 2000 500 2046 pugnat.
564 1994 720 2033 miraris
753 2000 815 2042 tu,
857 1995 888 2034 si
932 1996 1035 2034 deus
1073 1995 1138 2043 ille
1170 1996 1379 2036 bonorum
1418 1999 1734 2048 amantissimus,

112 2064 180 2115 qui
212 2063 301 2103 illos
333 2078 458 2116 quam
492 2065 675 2117 optimos
708 2079 798 2105 esse
830 2072 956 2118 atque
988 2066 1360 2107 excellentissimos
1393 2068 1495 2116 uult,
1526 2069 1733 2110 fortunam

112 2133 187 2173 illis
219 2148 314 2173 cum
346 2148 428 2187 qua
460 2142 735 2176 exerceantur
757 2137 970 2188 adsignat?
1006 2150 1087 2188 ego
1121 2150 1220 2176 uero
1252 2151 1336 2177 non
1369 2139 1505 2188 miror,
1537 2141 1569 2179 si
1592 2141 1633 2180 di
1665 2140 1734 2180 ali-

113 2205 282 2256 quando
315 2205 501 2257 inpetum
534 2206 700 2258 capiunt
731 2208 947 2259 spectandi
986 2220 1163 2259 magnos
1196 2209 1305 2249 uiros
1337 2209 1609 2250 conluctantis
1642 2224 1735 2250 cum

112 2274 247 2326 aliqua
285 2274 531 2315 calamitate.
605 2276 725 2316 nobis
767 2277 974 2317 interdum
1028 2279 1230 2331 uoluptati
1272 2285 1358 2327 est,
1410 2281 1442 2320 si
1493 2281 1735 2321 adulescens
1756 2295 1788 2320 30

428 2432 487 2451 enti

113 2461 132 2493 ἴ»
152 2473 235 2503 ρςηε
332 2462 367 2495 11
390 2464 478 2504 patia
506 2465 583 2503 (enti
611 2475 654 2498 m.
673 2473 743 2498 rec.
762 2474 949 2511 suprascr..
965 2463 1033 2498 sed
1056 2464 1146 2499 idem
1175 2468 1237 2497 enti
1265 2466 1298 2499 e'n
1327 2467 1489 2512 ηιαιῃὶησ
1515 2479 1557 2502 m.
1577 2471 1610 2509 2¹»

119 2520 154 2552 153
190 2526 361 2562 querantur
481 2523 633 2564 quiequid
751 2521 915 2565 fortasse
950 2524 1006 2554 sed
1040 2524 1196 2566 quidquid
1318 2525 1348 2557 li
1387 2528 1641 2567 quemamodum

113 2614 155 2647 Ἰξ)
176 2588 341 2656 indulgeiit
360 2618 393 2655 (a
411 2626 455 2649 m.
470 2615 544 2660 pr.)
653 2616 688 2647 1⁸
707 2620 738 2647 at
759 2617 783 2658 (t
803 2616 913 2652 c'orr.)
1003 2590 1089 2649 υοὶιῐιὶῖ
1110 2625 1142 2660 (η
1161 2620 1288 2663 mlv-,l
1405 2621 1439 2652 {tl
1459 2632 1633 2662 numquam
1652 2623 1736 2660 flere,

114 2684 290 2715 numquam
310 2675 492 2705 contristari
516 2673 635 2718 uulqo,
662 2674 806 2709 inuerso
825 2674 951 2709 ordine
969 2675 1046 2709 cod.
1137 2678 1180 2710 ‘2¹3
1199 2678 1354 2719 colligant
1452 2679 1495 2712 ‘24
1514 2680 1613 2711 inlesa
1632 2681 1735 2711 fehta>

230 2733 280 2763 cui
306 2731 448 2766 Haase:
471 2734 525 2764 ubi
659 2735 786 2765 assidua
919 2736 963 2767 :²6
996 2736 1019 2765 si
1056 2736 1086 2765 di
1121 2735 1294 2776 aliquando
1320 2735 1440 2777 Kocle,
1474 2739 1499 2768 si
1525 2740 1655 2780 quando
1691 2741 1733 2770 dii

113 2788 279 2834 Lipsius:
309 2792 334 2821 si
361 2792 536 2833 aliquando
649 2794 692 2825 2⁴.)
721 2794 845 2834 impetn
958 2778 1125 2834 spe‘ctandi
1152 2792 1366 2829 Pincianus:
1400 2801 1545 2838 spectant
1572 2798 1615 2827 (lii

110 2850 154 2879 :w
181 2849 368 2881 adolescens
395 2858 428 2892 [o
455 2860 564 2892 corr.)

1402 2913 1452 2946 1’Ὗ’
