2008 3221
275 143 326 181 64
761 138 865 164 DIAL.
888 138 936 164 1V.
978 138 1029 163 DE
1050 137 1118 163 IRA
1139 137 1211 164 LIB.
1234 137 1272 164 11.
1314 138 1354 164 10.
1380 139 1419 164 ll.

243 243 372 276 'suos
424 237 621 276 medicus
699 237 900 288 numquid
951 235 1034 283 ille,
1083 235 1193 275 cuius
1245 235 1456 287 nauigium
1505 235 1680 275 multam
1723 237 1905 289 undique
1930 240 1952 275 8

218 879 247 903 10

216 1233 246 1258 15

210 1586 243 1611 20

272 307 422 346 laxatis
464 306 724 359 conpagibus
765 320 916 358 aquam
949 306 1094 354 trahit,
1138 305 1273 344 nautis
1304 305 1463 358 ipsique
1494 306 1660 358 nauigio
1692 301 1904 346 irascitur?
1962 309 1967 314 '

273 378 449 417 occurrit
490 377 629 429 potius
671 382 712 416 et
744 376 865 416 aliam
899 376 1085 416 excludit
1117 376 1296 424 undam,
1340 376 1462 415 aliam
1495 378 1643 429 egerit,
1686 375 1905 416 manifesta

271 447 475 486 foramina
506 446 758 501 praecludit,
801 446 1025 486 latentibus
1057 453 1099 487 et
1131 460 1186 486 ex
1220 446 1386 486 occulto
1417 448 1624 487 sentinam
1658 447 1905 487 ducentibus

270 517 416 556 labore
458 518 654 557 continuo
698 519 861 558 resistit.
923 532 1000 558 nec
1042 519 1137 558 ideo
1175 519 1426 566 intermittit,
1469 518 1563 571 quia
1595 526 1797 571 quantum
1830 533 1902 559 ex-

270 586 465 626 haustum
508 594 571 628 est
613 589 884 628 subnascitur.
952 588 1066 629 lento
1108 589 1314 628 adiutorio
1357 602 1463 641 opus
1502 595 1564 629 est
1607 595 1754 629 contra
1795 589 1905 629 mala
1946 578 1949 580 ¹

271 658 465 697 continua
497 664 539 698 et
572 658 760 708 fecunda,
792 673 878 699 non
910 668 953 699 ut
985 660 1186 707 desinant,
1219 660 1295 699 sed
1327 673 1379 699 ne
1409 660 1586 700 uincant.

388 729 459 768 XI.
504 729 625 769 Vtilis
658 735 732 778 est,
764 730 904 783 inquit,
937 730 1006 779 ira,
1038 731 1133 783 quia
1155 736 1446 783 contemptum
1470 729 1624 782 effugit,
1652 731 1747 783 quia
1769 730 1903 771 malos
1934 738 1949 772 l

268 804 406 839 terret.
458 800 638 852 primum
672 801 741 848 ira,
773 801 806 840 si
837 807 1039 854 quantum
1073 802 1252 840 minatur
1283 801 1403 849 ualet,
1436 801 1492 840 ob
1526 800 1608 840 hoc
1629 801 1764 854 ipsum
1787 802 1903 854 quod

267 869 457 909 terribilis
500 877 581 919 est,
625 877 666 910 et
708 872 836 911 inuisa
879 878 953 911 est.
1015 871 1282 924 periculosius
1324 878 1387 911 est
1429 878 1570 911 autem
1609 872 1744 911 timeri
1776 885 1902 925 quam

269 940 433 993 despici.
496 942 529 980 si
571 954 670 981 uero
713 942 800 981 sine
842 942 994 982 uiribus
1027 948 1100 990 est,
1145 943 1278 994 magis
1321 942 1515 994 exposita
1547 942 1807 995 contemptui
1839 948 1903 982 est

267 1017 309 1050 et
351 1011 532 1051 derisum
575 1026 660 1052 non
692 1011 850 1065 effugit.
911 1013 1011 1065 quid
1050 1013 1159 1052 enim
1192 1019 1256 1052 est
1287 1014 1496 1052 iracundia
1528 1013 1567 1052 in
1599 1026 1902 1065 superuacuum

266 1081 545 1122 tumultuante
577 1082 787 1135 frigidius?
841 1084 993 1123 deinde
1026 1097 1109 1123 non
1141 1084 1237 1123 ideo
1270 1085 1501 1136 quaedam,
1533 1084 1629 1137 quia
1660 1089 1756 1123 sunt
1786 1084 1900 1123 terri-

265 1152 428 1200 biliora,
470 1153 636 1205 potiora
677 1160 782 1194 sunt.
854 1167 932 1194 nec
972 1154 1054 1194 hoc
1095 1155 1297 1207 sapientia
1339 1154 1419 1194 dici
1461 1154 1580 1203 uelit,
1622 1155 1738 1207 quod
1779 1154 1902 1203 ferae,

266 1224 463 1275 sapientis
496 1237 663 1276 quoque
695 1225 825 1264 telum
858 1239 960 1273 esse,
993 1226 1139 1265 timeri.
1202 1232 1243 1265 et
1275 1226 1398 1278 quid?
1447 1239 1532 1264 non
1564 1226 1733 1265 timetur
1764 1225 1901 1274 febris,

1928 1091 1949 1125 10

264 1295 467 1346 podagra,
502 1294 614 1334 ulcus
653 1296 837 1335 malum?
882 1297 1082 1349 numquid
1115 1297 1210 1335 ideo
1243 1297 1466 1348 quicquam
1498 1297 1537 1335 in
1569 1297 1655 1335 istis
1687 1297 1786 1336 boni
1810 1299 1899 1337 est?

264 1370 307 1403 at
339 1371 483 1404 contra
516 1365 658 1405 omnia
691 1367 890 1419 despecta
921 1367 1129 1420 foedaque
1161 1373 1202 1406 et
1234 1367 1389 1420 turpia,
1432 1367 1522 1419 ipso
1555 1381 1639 1420 quo
1672 1367 1896 1407 timentur:

264 1435 322 1474 sic
353 1435 412 1474 ira
442 1449 517 1488 per
549 1450 594 1476 se
626 1435 827 1476 deformis
860 1444 922 1477 θεῖ
948 1444 989 1477 θῖ
1013 1438 1181 1477 minime
1205 1438 1442 1485 metuenda,
1475 1443 1518 1477 at
1539 1438 1708 1477 timetur
1730 1451 1754 1477 a
1775 1437 1898 1491 pluri-

264 1505 342 1545 bus
385 1507 489 1546 sicut
532 1507 731 1547 deformis
769 1522 950 1561 persona
991 1509 1045 1548 ab
1077 1507 1310 1548 infantibus.
1373 1508 1481 1560 quid,
1515 1509 1630 1561 quod
1661 1521 1828 1561 semper
1859 1508 1899 1548 in
1925 1515 1946 1550 3

263 1582 454 1616 auctores
476 1579 685 1618 redundat
705 1579 832 1618 timor
853 1592 931 1618 nec
942 1579 1159 1632 quisquam
1183 1579 1379 1618 metuitur
1396 1579 1484 1632 ipse
1496 1581 1686 1618 securus?
1710 1585 1900 1619 occurrat

263 1645 345 1686 hoc
387 1646 481 1687 loco
524 1648 599 1687 tibi
642 1648 899 1689 Laberianus
940 1649 1006 1689 ille
1048 1663 1208 1698 uersus,
1261 1650 1329 1702 qui
1371 1650 1512 1689 medio
1556 1649 1661 1689 ciuili
1705 1649 1817 1689 bello
1859 1650 1899 1689 in

263 1716 429 1757 theatro
464 1719 598 1758 dictus
630 1725 768 1759 totum
801 1721 840 1759 in
873 1734 918 1759 εθ
948 1720 1150 1773 populum
1182 1734 1268 1760 non
1300 1720 1418 1760 aliter
1449 1721 1675 1769 conuertit,
1708 1733 1834 1772 quam
1867 1720 1900 1760 si

264 1789 389 1828 missa
422 1796 531 1829 esset
564 1804 651 1830 uox
683 1791 834 1844 publici
867 1791 1072 1840 adfectus,

587 1887 728 1912 necesse
759 1881 812 1912 est
840 1877 974 1913 multas
1006 1877 1135 1913 timeat
1163 1889 1271 1924 quem
1304 1877 1414 1912 multi
1442 1877 1579 1913 timent.

229 1965 244 1987 ··›
264 1955 319 1994 ita
351 1961 497 1994 natura
529 1957 753 2005 constituit,
796 1963 840 1996 ut
872 1956 1070 2009 quidquid
1103 1957 1237 1996 alieno
1272 1963 1385 1996 metu
1418 1970 1619 2009 magnum
1652 1962 1726 2006 θεῖ,
1764 1970 1789 1996 a
1821 1970 1896 1996 suo
1923 1962 1944 1996 4

264 2038 348 2064 non
381 2032 512 2066 uacet.
564 2026 733 2066 leonum
767 2041 891 2079 quam
925 2028 1076 2080 pauida
1098 2034 1192 2067 sunt
1215 2029 1268 2067 ad
1292 2028 1524 2067 lenissimos
1546 2041 1674 2067 sonos
1696 2029 1896 2080 pectora?

264 2096 484 2135 acerrimas
517 2096 623 2137 feras
656 2098 804 2137 umbra
836 2104 877 2137 et
910 2113 996 2138 uox
1031 2104 1071 2138 et
1104 2100 1212 2138 odor
1234 2099 1420 2138 insolitus
1445 2099 1645 2151 exagitat.
1696 2098 1897 2151 quidquid

273 2260 279 2292 1
313 2261 475 2301 nauigium
506 2261 632 2305 mel-qo:
663 2262 866 2303 naufragium
997 2263 1026 2295 11
1060 2264 1205 2304 exposita
1232 2263 1291 2306 (ita
1317 2262 1352 2295 e'n
1379 2263 1467 2305 ras.)
1605 2262 1640 2295 Γ.)
1668 2263 1762 2303 insup
1789 2265 1895 2294 uaeul‘l

368 2319 400 2351 l-i
431 2330 489 2350 nec
516 2321 579 2351 hoc
607 2322 765 2362 sapientia
791 2322 856 2352 dici
882 2322 969 2361 uelit,
996 2322 1083 2363 quod
1111 2322 1208 2359 serae,
1235 2323 1389 2363 sapientis
1415 2332 1542 2363 quoque
1562 2321 1658 2353 telum
1685 2331 1764 2361 esse,
1790 2321 1896 2352 timeri

1146 2381 1247 2421 bestie

266 2423 437 2468 Mmlm'ss:
478 2437 516 2457 ne
544 2427 607 2458 hoc
633 2428 791 2468 sapientia
811 2428 874 2458 dici
901 2428 995 2458 uelim
1031 2428 1119 2469 quod
1150 2428 1235 2468 sere,
1271 2428 1424 2468 sapientis
1458 2438 1559 2468 quoq3
1605 2427 1673 2459 tell-1
1708 2430 1754 2458 est
1790 2427 1895 2458 timeri

265 2508 378 2548 (bestie)
406 2518 591 2551 suprascr.
619 2520 661 2542 m.
690 2509 776 2549 rec.)
884 2509 918 2541 ls»
945 2515 975 2541 et
1000 2510 1100 2551 quid?
1128 2508 1228 2543 Ii'oclae
1256 2507 1361 2550 (conl.
1390 2507 1434 2542 (Ie
1461 2507 1537 2542 ben.
1559 2512 1590 2550 5,
1615 2510 1664 2549 19,
1684 2508 1741 2551 7):
1776 2489 1805 2508 et
1818 2509 1896 2550 quid

265 2564 342 2599 cod.
360 2568 473 2607 ecquid
492 2566 598 2610 wlff«)
693 2568 728 2601 lis·
749 2569 889 2610 nunquia
910 2570 942 2609 (n
962 2567 1106 2602 uidetur
1124 2580 1155 2599 m
1170 2568 1300 2611 fnisse,
1321 2579 1338 2598 a
1358 2567 1393 2601 in
1411 2569 1431 2598 d
1450 2568 1561 2608 corr.)
1663 2567 1699 2600 1?
1718 2572 1749 2598 at
1769 2566 1893 2609 (corr.)

269 2623 318 2658 De
331 2625 526 2669 parsinalis
545 2633 574 2657 at
601 2635 713 2658 contra
741 2626 841 2671 apud
861 2625 1033 2661 Senecam
1059 2626 1268 2671 saepissime
1295 2625 1491 2662 coniunctis
1512 2624 1619 2659 Gerlz
1646 2635 1717 2659 non
1745 2624 1895 2660 debebat

266 2682 431 2717 dubitare
568 2686 677 2727 sqdmp
823 2687 892 2727 ipso
918 2697 981 2727 quo
1007 2684 1075 2719 hoc
1101 2692 1153 2719 esc
1177 2697 1241 2727 quo
1269 2687 1351 2727 ipso,
1384 2685 1434 2719 ita
1460 2691 1497 2719 uc
1526 2683 1664 2719 Gertziz‘
1687 2683 1894 2718 coniectura

266 2743 399 2784 ipsoque
425 2754 463 2774 eo
490 2744 696 2777 necessaria
723 2756 791 2779 note
819 2745 882 2782 sim
912 2743 956 2779 de
982 2743 1225 2778 conlocatione
1252 2745 1351 2778 uncis
1377 2746 1448 2786 ipso
1476 2744 1522 2787 cli
1552 2743 1705 2784 Lim-12,
1731 2745 1765 2777 11
1796 2744 1894 2775 bene-

267 2802 346 2832 ficiis
372 2803 468 2833 etiarn
490 2804 562 2845 suis,
590 2805 730 2844 ingentia
757 2815 838 2844 {luae
866 2805 895 2835 in
923 2815 994 2835 eum
1014 2811 1168 2843 congesta
1194 2812 1283 2835 erant
1372 2804 1410 2836 'll
1444 2804 1529 2835 ciuili
1557 2804 1645 2835 bello
1673 2800 1801 2847 mel-qo:
1832 2799 1891 2834 eui'

265 2861 375 2891 libello
396 2861 442 2893 (in
463 2873 577 2905 marq.
597 2860 650 2904 ei')
750 2866 791 2896 {33}
813 2863 943 2894 affectus
965 2862 1081 2906 (μνῶν
1100 2863 1237 2903 sfforr.)
1336 2863 1378 2896 ΒΓ»
1398 2863 1486 2904 qeqd
1585 2862 1628 2895 ⁴27
1647 2862 1800 2903 quicquid
