1977 3231
25 1882 45 1914 ’ί

569 145 672 171 DIAL.
695 145 730 173 V.
771 145 821 171 DE
843 145 909 171 IRA
930 145 1002 171 Lm.
1025 145 1076 173 111.
1114 146 1159 172 22.
1181 145 1224 172 23.
1626 150 1705 188 105

83 243 191 294 regis
232 241 503 282 tabernaculo
546 241 769 291 faciebant,
812 243 927 295 quod
969 242 1159 282 homines
1202 247 1244 282 et
1286 241 1628 295 periculosissime
1666 249 1707 282 et

80 313 349 353 libentissime
402 312 573 361 faciunt,
630 315 683 352 de
732 327 830 365 rege
871 328 946 353 suo
991 313 1098 353 male
1141 313 1461 353 existimabant?
1523 314 1707 353 audierat

81 385 220 423 omnia
252 384 514 435 Antigonus,
556 389 703 436 utpote
748 398 840 423 cum
883 387 986 424 inter
1030 385 1214 424 dicentes
1257 390 1297 423 et
1330 384 1566 423 audientem
1599 383 1707 437 palla

79 456 305 494 interesset.
354 467 479 506 quam
513 454 577 493 ille
609 454 752 494 leuiter
785 456 1018 494 commouit
1051 461 1103 502 et,
1136 454 1310 507 longius,
1333 456 1471 506 inquit,
1495 456 1706 503 discedite,

79 538 131 563 ne
183 539 259 564 uos
311 538 387 564 rex
438 525 588 565 audiat.
665 526 776 564 idem
830 526 1012 578 quadam
1065 531 1210 573 nocte,
1263 538 1357 564 cum
1399 527 1605 577 quosdam
1650 540 1704 565 ex
1726 540 1740 562 .-,

79 595 274 635 militibus
305 596 387 635 suis
420 596 659 636 exaudisset
693 590 833 636 omnia
865 595 974 636 mala
1005 596 1254 648 inprecantis
1287 597 1390 648 regi,
1422 597 1491 648 qui
1522 597 1634 649 ipsos
1666 597 1704 635 in

78 665 176 706 illud
218 666 293 705 iter
336 671 377 706 et
420 666 703 706 inextricabile
736 667 867 707 lutum
901 667 1166 715 deduxisset,
1208 668 1381 706 accessit
1413 668 1466 706 ad
1500 681 1594 715 eos,
1637 667 1705 720 qui

83 750 284 776 maxume
316 736 577 785 laborabant,
611 744 652 777 et
691 751 785 777 cum
819 739 1046 790 ignorantis
1078 751 1102 776 a
1133 751 1217 789 quo
1251 738 1541 777 adiuuarentur
1573 737 1703 791 expli-

78 808 248 856 cuisset,
300 822 427 856 nunc,
481 809 626 861 inquit,
681 809 912 848 maledicite
955 809 1192 860 Antigono,
1247 809 1358 847 cuius
1410 809 1507 848 uitio
1550 809 1589 848 in
1630 808 1704 849 has

77 878 259 918 miserias
292 879 512 924 incidistis:
560 880 595 918 ei
627 886 767 919 autem
801 880 908 919 bene
942 885 1097 932 optate,
1131 881 1199 932 qui
1232 893 1307 918 uos
1331 893 1384 918 ex
1407 879 1485 919 hac
1507 880 1705 932 uoragine
1730 892 1757 916 ιο

77 949 233 989 eduxit.
295 949 405 989 idem
450 956 535 989 tam
579 951 665 990 miti
709 951 848 989 animo
891 950 1074 997 hostium
1116 964 1284 989 suorum
1325 949 1546 989 maledicta
1577 964 1702 1003 quam

76 1020 224 1059 ciuium
266 1019 367 1060 tulit.
430 1021 567 1073 itaque
611 1035 705 1061 cum
746 1022 785 1060 in
818 1021 991 1073 paruolo
1024 1021 1208 1073 quodam
1243 1020 1413 1061 castello
1447 1021 1594 1064 Graeci
1626 1022 1700 1061 ob-

75 1091 305 1130 siderentur
349 1097 389 1130 et
427 1091 577 1131 fiducia
608 1092 689 1131 loci
723 1098 1040 1132 contemnentes
1073 1092 1239 1131 hostem
1274 1091 1403 1132 multa
1435 1093 1473 1130 in
1508 1092 1701 1132 deformi—

74 1166 205 1201 tatem
228 1161 433 1214 Antigoni
457 1163 689 1202 iocarentur
712 1169 751 1202 et
775 1177 881 1202 nunc
903 1169 1104 1202 staturam
1128 1162 1339 1210 humilem,
1372 1176 1480 1202 nunc
1503 1163 1701 1202 conlisum

74 1246 219 1272 nasum
263 1232 521 1281 deriderent,
573 1235 757 1286 gaudeo,
801 1235 947 1286 inquit,
991 1240 1032 1274 et
1073 1233 1225 1286 aliquid
1268 1233 1367 1272 boni
1408 1247 1547 1285 spero,
1592 1235 1623 1273 si
1663 1234 1701 1273 in
1728 1247 1754 1269 15

29 1315 41 1346 ἴ
75 1305 218 1344 castris
261 1305 362 1343 meis
405 1303 590 1344 Silenum
634 1304 783 1344 habeo.
845 1318 940 1347 cum
984 1304 1061 1344 hos
1103 1304 1265 1343 dicaces
1308 1303 1419 1343 fame
1461 1304 1702 1353 domuisset,

75 1375 205 1427 captis
247 1375 304 1415 sic
346 1389 442 1414 usus
486 1381 565 1423 est,
612 1382 655 1415 ut
697 1389 770 1414 eos
801 1375 869 1427 qui
904 1376 1069 1415 militiae
1103 1375 1220 1415 utiles
1253 1381 1392 1423 erant,
1434 1375 1472 1414 in
1506 1375 1701 1415 cohortes

74 1446 347 1494 describeret,
403 1452 565 1485 ceteros
617 1448 813 1498 praeconi
857 1446 1084 1486 subiceret:
1152 1447 1195 1486 id
1237 1459 1404 1498 quoque
1445 1460 1490 1485 se
1533 1448 1700 1498 negauit

72 1515 276 1556 facturum
309 1516 444 1565 fuisse,
476 1518 551 1556 nisi
575 1517 795 1568 expediret
818 1516 879 1557 his
903 1518 1121 1557 dominum
1144 1517 1311 1565 habere,
1344 1518 1413 1569 qui
1436 1523 1523 1556 tam
1547 1517 1699 1557 malam

72 1586 276 1627 haberent
308 1587 504 1640 linguam.
1721 1601 1754 1625 20

190 1657 341 1697 XXIII.
385 1658 518 1698 Huius
551 1672 682 1711 nepos
715 1658 789 1699 fuit
820 1659 1078 1707 Alexander,
1111 1660 1179 1712 qui
1211 1658 1397 1699 lanceam
1431 1661 1470 1698 in
1504 1661 1701 1699 conuiuas

71 1741 169 1768 suos
211 1729 457 1782 torquebat,
499 1731 567 1781 qui
612 1743 666 1768 ex
710 1729 875 1769 duobus
917 1731 1059 1770 amicis
1102 1744 1208 1782 quos
1250 1730 1376 1782 paulo
1415 1736 1512 1770 ante
1551 1730 1700 1777 rettuli,

72 1798 247 1850 alterum
291 1798 401 1839 ferae
443 1800 619 1848 obiecit,
663 1799 839 1840 alterum
882 1800 969 1840 sibi.
1040 1814 1095 1840 ex
1137 1799 1199 1840 his
1242 1801 1407 1840 duobus
1449 1807 1592 1841 tamen
1633 1802 1701 1853 qui

71 1869 180 1910 leoni
221 1870 411 1910 obiectus
445 1877 524 1919 est,
568 1872 684 1911 uixit.
747 1885 832 1911 non
864 1871 1009 1911 habuit
1041 1871 1124 1911 hoc
1155 1873 1312 1911 auitum
1345 1871 1411 1911 ille
1444 1873 1607 1919 uitium,
1649 1886 1701 1910 ne

71 1946 292 1992 paternum
335 1941 515 1993 quidem.
585 1956 682 1981 nam
724 1944 756 1982 si
799 1956 881 1994 qua
922 1942 1001 1982 alia
1042 1944 1082 1982 in
1114 1942 1305 1994 Philippo
1348 1944 1499 1991 uirtus,
1542 1942 1615 1982 fuit
1659 1949 1700 1982 et
1721 1955 1753 1980 25

71 2011 416 2052 contumeliarum
460 2014 681 2065 patientia,
726 2015 871 2065 ingens
913 2015 1235 2053 instrumentum
1277 2014 1331 2053 ad
1363 2013 1538 2053 tutelam
1573 2015 1700 2066 regni.

71 2082 359 2122 Demochares
402 2084 456 2123 ad
500 2083 613 2123 illum
648 2084 950 2123 Parrhesiastes
994 2084 1050 2123 ob
1093 2085 1262 2123 nimiam
1296 2090 1337 2124 et
1370 2098 1592 2137 procacem
1625 2083 1697 2123 lin-

71 2166 197 2205 guam
231 2153 464 2206 adpellatus
498 2156 603 2194 inter
635 2154 736 2194 alios
770 2154 1093 2194 Atheniensium
1126 2154 1289 2207 legatos
1315 2161 1496 2195 uenerat.
1559 2155 1700 2194 audita

71 2224 252 2277 benigne
304 2224 514 2276 legatione
558 2224 791 2277 Philippus,
845 2225 985 2274 dicite,
1040 2227 1190 2278 inquit,
1244 2225 1361 2273 mihi,
1413 2225 1548 2265 facere
1600 2226 1697 2278 quid

71 2297 252 2346 possim,
306 2297 421 2348 quod
470 2297 522 2336 sit
565 2295 896 2336 Atheniensibus
948 2303 1124 2348 gratum.
1200 2299 1368 2349 excepit
1411 2296 1698 2336 Demochares
1719 2310 1751 2331 :so

71 2469 91 2503 f.)
119 2471 345 2503 existimabant
374 2470 598 2505 Gronom'zcst
628 2473 812 2503 existimant
950 2472 969 2503 53
997 2473 1139 2503 dieentes
1166 2469 1382 2506 Pincianus:
1413 2473 1570 2504 dicentem

72 2540 91 2574 7
118 2541 196 2572 illud
222 2542 257 2583 (d
283 2552 332 2575 ex
359 2547 369 2573 t
395 2542 505 2585 corr.)
638 2544 660 2575 ὅ
685 2527 877 2573 laborabant
1008 2543 1209 2583 explicuisset
1236 2543 1356 2587 (prior
1381 2554 1395 2573 S
1421 2542 1455 2575 in
1483 2544 1578 2584 ras.)

75 2623 112 2656 ll
142 2628 207 2655 tam
233 2626 303 2656 miti
331 2623 397 2658 E¹:
427 2625 544 2656 immiti
663 2624 702 2657 12
729 2624 839 2666 greciJe
947 2625 987 2657 153
1014 2597 1255 2657 contemriientes
1372 2624 1410 2658 15
1437 2626 1559 2668 aliquid
1586 2626 1621 2667 <d
1647 2634 1697 2658 ea:

71 2709 82 2737 t
107 2706 218 2750 corr.)
359 2706 402 2740 ’16
428 2692 531 2738 fameS
661 2707 703 2740 11*
731 2697 846 2749 capitis
963 2708 1020 2740 «1ῠὶ
1048 2708 1079 2738 id
1105 2718 1231 2748 quoque
1259 2705 1326 2740 ΕΗ
1356 2708 1452 2749 idque
1580 2706 1617 2740 19
1644 2718 1695 2738 ex-

71 2789 194 2830 pediret
221 2763 267 2789 his
294 2792 387 2832 (post
412 2794 422 2820 t
448 2789 535 2832 ras.)
657 2788 701 2822 2ss
729 2794 760 2820 at
787 2790 885 2821 tuteli-1
911 2790 957 2832 (at
984 2789 1018 2821 iu
1047 2790 1088 2819 ad
1115 2788 1259 2822 uidetur
1285 2793 1456 2823 tumulum
1485 2791 1577 2830 esse)

71 2870 115 2903 ‘28
142 2871 323 2912 appellatus
423 2872 466 2903 ⁴251)
494 2841 604 2913 inquid
