2008 3221
259 130 307 168 14
539 123 643 150 DIAL.
673 122 693 150 I.
725 121 859 154 QVARE
884 119 1030 152 ALIQVA
1056 118 1306 145 INCOMMODA
1334 117 1450 143 BONIS
1477 117 1580 144 VIRIS

254 222 407 274 flagitia
450 226 490 260 et
543 219 817 269 cogitationes
869 216 1068 269 inprobas
1119 222 1160 255 et
1212 215 1332 255 auida
1374 216 1543 256 consilia
1584 221 1626 256 et
1667 216 1879 257 libidinem

255 305 421 332 caecam
455 297 496 329 et
528 290 661 328 alieno
694 289 964 327 inminentem
998 287 1224 326 auaritiam.
1278 287 1392 339 ipsos
1423 293 1562 327 tuetur
1593 301 1642 327 ac
1675 288 1876 327 uindicat:

255 362 455 413 numquid
498 360 579 400 hoc
621 373 789 411 quoque
821 357 965 410 aliquis
997 371 1020 396 a
1054 359 1134 396 deo
1168 357 1315 408 exigit,
1357 363 1402 396 ut
1444 358 1653 398 bonorum
1698 358 1880 397 uirorum

256 434 377 471 etiam
411 431 588 469 sarcinas
626 431 789 469 seruet?
836 429 1051 468 remittunt
1096 428 1170 480 ipsi
1213 427 1321 467 hanc
1362 428 1444 467 deo
1478 442 1639 468 curam:
1706 434 1882 467 externa

220 516 234 537 5
256 508 538 541 contemnunt.
600 500 869 539 Democritus
907 499 1069 538 diuitias
1101 498 1275 550 proiecit
1306 511 1411 537 onus
1443 498 1530 538 illas
1563 499 1700 538 bonae
1732 499 1882 538 mentis

256 573 521 612 existimans:
568 571 667 622 quid
710 584 812 621 ergo
858 570 1036 617 miraris,
1079 569 1110 608 si
1153 569 1194 607 id
1238 569 1341 608 deus
1392 567 1507 608 bono
1561 570 1647 608 uiro
1696 570 1882 608 accidere

256 644 418 695 patitur,
451 642 566 693 quod
600 641 659 680 uir
681 640 817 679 bonus
840 639 1063 692 aliquando
1097 638 1185 678 uolt
1214 638 1289 677 sibi
1313 638 1528 678 accidere?
1562 639 1666 679 filios
1689 641 1883 680 amittunt

257 714 327 752 uiri
351 713 473 752 boni:
511 712 664 763 quidni,
698 724 791 750 cum
817 710 1041 762 aliquando
1065 716 1106 750 et
1129 709 1345 749 occidant?
1379 710 1419 749 in
1447 710 1615 749 exilium
1639 711 1878 751 mittuntur:

256 785 417 835 quidni,
470 796 563 822 cum
607 782 831 834 aliquando
872 781 946 834 ipsi
990 781 1166 833 patriam
1221 794 1305 820 non
1357 781 1569 833 repetituri
1623 781 1881 834 relinquant?

209 866 236 889 ιο
258 855 524 894 occiduntur:
581 853 743 905 quidni,
795 866 889 892 cum
944 851 1166 903 aliquando
1214 852 1289 904 ipsi
1337 851 1413 891 sibi
1467 865 1614 891 manus
1666 851 1882 892 adferant?

1909 500 1928 533 ΙΨ

257 938 384 976 quare
435 925 643 975 quaedam
697 924 799 962 dura
850 923 1086 975 patiuntur?
1160 929 1204 962 ut
1255 921 1354 962 alios
1397 923 1481 975 pati
1535 924 1726 962 doceant.
1801 924 1884 963 nati
1911 928 1930 956 ἓί

256 1002 350 1035 sunt
383 995 421 1033 in
454 994 681 1047 exemplar.
743 1000 845 1046 puta
877 994 1015 1045 itaque
1049 994 1175 1032 deum
1216 994 1374 1032 dicere:
1421 994 1520 1046 quid
1563 994 1726 1033 habetis
1768 995 1884 1046 quod

258 1068 310 1105 de
343 1079 410 1105 me
441 1066 557 1117 queri
589 1065 754 1117 possitis
787 1078 863 1104 uos
895 1064 1043 1114 quibus
1077 1069 1189 1103 recta
1216 1063 1484 1116 placuerunt?
1524 1064 1609 1104 aliis
1641 1065 1753 1104 bona
1784 1064 1886 1104 falsa

257 1137 510 1176 circumdedi
553 1142 593 1176 et
637 1137 798 1175 animos
842 1136 982 1174 inanes
1025 1135 1137 1175 uelut
1175 1134 1305 1187 longo
1338 1134 1554 1187 fallacique
1585 1137 1748 1175 somnio
1781 1135 1881 1175 lusi:

209 1224 238 1248 15
258 1221 358 1246 auro
391 1207 480 1246 illos
513 1212 555 1246 et
587 1213 762 1258 argento
796 1212 837 1245 et
870 1207 998 1245 ebore
1030 1206 1251 1254 adm-naui,
1284 1206 1392 1245 intus
1424 1205 1523 1245 boni
1555 1206 1653 1245 nihil
1686 1212 1758 1246 est.
1821 1207 1885 1245 isti

258 1293 363 1331 quos
396 1291 475 1330 pro
508 1277 691 1316 felicibus
725 1277 946 1330 adspicitis,
977 1277 1009 1316 si
1042 1290 1125 1316 non
1158 1290 1240 1328 qua
1268 1284 1504 1325 occurrunt,
1537 1278 1613 1316 sed
1645 1291 1728 1329 qua
1759 1277 1888 1317 latent

259 1350 460 1397 uideritis,
503 1349 638 1388 miseri
670 1349 786 1396 sunt,
829 1348 1007 1396 sordidi,
1052 1354 1213 1399 turpes,
1253 1348 1307 1387 ad
1339 1347 1649 1388 similitudinem
1680 1348 1887 1401 parietum

260 1434 429 1460 suorum
463 1420 719 1459 extrinsecus
753 1419 859 1458 culti.
922 1432 1005 1458 non
1050 1424 1114 1458 est
1155 1419 1232 1458 ista
1262 1418 1396 1458 solida
1428 1424 1469 1459 et
1500 1419 1659 1458 sincera
1690 1418 1884 1459 felicitas:

261 1498 398 1531 crusta
440 1497 501 1530 est
545 1496 585 1529 et
628 1491 798 1542 quidem
846 1490 987 1529 tenuis.
1051 1489 1189 1541 itaque
1233 1490 1334 1529 dum
1376 1489 1450 1528 illis
1494 1489 1588 1529 licet
1620 1495 1731 1529 stare
1763 1496 1804 1529 et
1836 1491 1889 1529 ad

209 1584 241 1607 ευ
262 1563 473 1602 arbitrium
518 1575 637 1600 suun]
683 1561 867 1608 ostendi,
910 1561 1041 1600 nitent
1084 1566 1125 1600 et
1164 1561 1389 1613 inponunt3
1438 1574 1532 1600 cum
1566 1561 1719 1613 aliquid
1751 1561 1891 1600 incidit

260 1634 375 1685 quod
409 1633 615 1672 disturbet
647 1645 695 1671 ac
728 1633 920 1683 detegat,
965 1637 1064 1671 tunc
1105 1637 1280 1684 apparet
1312 1638 1514 1683 quantum
1547 1631 1655 1671 altae
1687 1645 1737 1671 ac
1768 1645 1891 1672 uerae

260 1704 467 1744 foeditatis
519 1703 673 1742 alienus
715 1702 913 1755 splendor
961 1702 1239 1742 absconderit.
1311 1702 1431 1742 uobis
1474 1703 1568 1742 dedi
1611 1702 1723 1742 bona
1768 1708 1928 1750 certa‚5

262 1788 475 1822 mansura,
517 1782 675 1826 quanto
719 1775 850 1826 magis
894 1775 1120 1814 uersauerit
1162 1773 1305 1826 aliquis
1348 1779 1389 1813 et
1432 1774 1613 1825 undique
1655 1774 1892 1826 inspexerit,

263 1845 434 1885 meliora
477 1846 730 1897 maioraque.
792 1846 960 1898 permisi
1002 1845 1123 1884 uobis
1172 1845 1401 1884 metuenda
1443 1851 1736 1893 contemnere,
1782 1845 1891 1897 cupi-

210 1917 413 1960 25ditates
456 1916 647 1956 fastidire.
712 1930 796 1956 non
839 1916 1004 1968 fulgetis
1037 1916 1316 1963 extrinsecus,
1358 1915 1472 1955 bona
1515 1923 1651 1955 uestra
1694 1916 1894 1955 introrsus

265 1987 443 2026 obuersa
485 1994 590 2026 sunt.
653 1987 710 2026 sic
752 1988 933 2035 mundus
977 1987 1186 2026 exteriora
1237 1987 1490 2039 contempsit
1542 1985 1780 2038 spectaculo
1832 1987 1893 2026 sui

263 2057 408 2096 laetus.
469 2058 575 2097 intus
618 2072 744 2097 omne
787 2058 906 2110 posui
951 2057 1122 2097 bonum.
1196 2071 1280 2097 non
1324 2070 1448 2109 egere
1491 2056 1683 2096 felicitate
1726 2056 1894 2096 felicitas

265 2134 401 2167 uestra
444 2134 516 2167 est.
600 2135 642 2167 at
685 2128 815 2168 multa
857 2129 1040 2168 incidunt
1089 2128 1242 2176 tristia,
1286 2127 1514 2176 horrenda,
1558 2129 1662 2167 dura
1703 2128 1893 2168 toleratu.

265 2199 359 2250 quia
392 2212 472 2237 non
506 2205 696 2250 poteram
739 2213 815 2238 uos
857 2199 942 2239 istis
985 2199 1238 2247 subducere,
1289 2199 1450 2238 animos
1493 2204 1654 2239 uestros
1696 2199 1895 2238 aduersus

213 2290 246 2311 :m
267 2269 406 2307 omnia
448 2270 614 2309 armaui.
676 2269 776 2309 ferte
819 2269 990 2309 fortiter.
1063 2269 1146 2309 hoc
1197 2276 1261 2310 est
1311 2283 1396 2322 quo
1446 2270 1571 2309 deum
1613 2270 1890 2310 antecedatis:

270 2470 289 2501 '2
318 2469 407 2502 cet-51.
505 2469 623 2500 uidieai
652 2475 685 2511 (ιι
705 2481 747 2503 m.
769 2470 855 2511 rec.)
962 2471 981 2501 :3
1010 2470 1120 2512 nunqd
1218 2471 1237 2499 03
1271 2469 1411 2514 sianum
1438 2468 1689 2514 intem-affandi
1706 2475 1790 2514 post
1816 2482 1894 2513 crgo

836 2533 854 2552 11

272 2561 413 2595 sustulit
436 2562 639 2596 lr'rouom'us
704 2567 723 2594 t»
742 2564 899 2605 firepcturi
985 2564 1021 2596 111
1040 2565 1174 2595 afferant
1248 2564 1283 2596 111
1303 2564 1469 2605 adspicitis
1488 2567 1521 2597 el
1551 2563 1581 2596 11
1605 2564 1748 2595 uideritis
1758 2563 1890 2609 Neap.:

269 2622 410 2662 adspicis
437 2627 469 2654 el
496 2622 614 2653 uideris
712 2623 747 2654 111
774 2624 896 2665 sedqua
982 2625 1026 2656 211
1052 2624 1219 2665 imponunt
1318 2623 1355 2656 ’,31
1389 2624 1519 2664 detegat
1546 2622 1591 2661 (at
1609 2622 1645 2655 2⁶71.
1667 2623 1740 2666 sine
1766 2634 1895 2658 uersus

268 2691 313 2715 m.
338 2678 396 2712 all.
426 2678 582 2721 addidit)
681 2684 723 2715 22
753 2683 892 2723 feditatis
993 2683 1036 2716 Ξῖ»
1071 2677 1224 2726 fulgentis
1318 2682 1357 2715 Ξῖ
1389 2683 1481 2724 posui
1500 2681 1663 2727 Lipsius:
1693 2685 1799 2724 posuit

882 2747 890 2765 1

271 2774 421 2805 felicitate
449 2781 453 2807 (
468 2779 550 2817 post
576 2786 592 2805 e
611 2785 698 2817 ras.)
782 2779 825 2809 2⁵
852 2778 995 2808 admulta
1081 2765 1211 2826 tristitia
1259 2796 1271 2807 .
1301 2774 1461 2819 tolcraijtu
1481 2776 1583 2822 (post
1600 2788 1617 2807 u
1634 2787 1718 2818 ras„
1731 2776 1894 2821 sortasse

265 2842 337 2887 fui!
365 2855 391 2885 r)
498 2847 540 2877 22¹
570 2833 635 2877 istiS
731 2850 775 2877 221)
802 2851 874 2878 ante
900 2848 1022 2888 chatis

1921 2141 1940 2171 (3
