1977 3231
91 946 110 977 ‹¹›

90 1298 109 1331 *i

376 135 477 162 DIAL.
498 135 550 162 Xl.
591 135 643 160 AD
666 134 844 160 HELVIAM
866 134 1036 159 MATREM
1062 134 1111 159 DE
1132 132 1456 159 CONSOLATIONE.
1497 135 1521 160 6.
1677 138 1755 175 251

138 232 247 272 nulla
288 245 372 271 non
416 244 612 283 magnam
652 237 815 284 partem
858 231 1100 283 peregrinae
1134 230 1401 269 multitudinis
1433 229 1572 268 habet.
1635 232 1765 270 transi

137 303 191 342 ab
223 303 280 350 iis,
313 314 485 354 quarum
520 315 699 341 amoena
731 302 882 354 positio
915 308 956 340 et
989 301 1279 354 opportunitas
1312 300 1489 351 regionis
1521 299 1658 352 plures
1691 301 1760 339 ad-

137 373 230 412 licit.
291 372 458 412 deserta
499 371 591 411 loca
634 378 674 411 et
707 366 953 425 asperrimas
991 370 1163 419 insulas,
1209 370 1421 411 Sciathum
1457 376 1498 410 et
1531 369 1764 422 Seriphum,

138 443 326 495 Gyarum
360 448 401 482 et
435 441 637 482 Cosuram
671 456 894 494 percense:
946 442 1099 480 nullum
1144 442 1323 480 inuenies
1366 440 1556 488 exilium,
1600 441 1638 479 in
1682 455 1765 493 quo

138 527 220 552 non
253 512 395 565 aliquis
427 514 551 552 animi
585 527 707 552 causa
740 519 935 552 moretur.
987 512 1085 563 quid
1118 517 1204 551 tam
1237 512 1393 550 nudum
1424 511 1591 555 inueniri
1614 517 1764 562 potest,

136 583 233 637 quid
276 589 363 623 tam
406 584 628 636 abruptum
672 584 853 635 undique
890 596 1016 635 quam
1059 582 1140 621 hoc
1182 584 1356 620 saxum?
1399 582 1496 633 quid
1540 582 1593 620 ad
1627 582 1767 633 copias

136 654 368 707 respicienti
400 654 595 693 ieiunius?
639 655 737 706 quid
770 655 823 692 ad
856 653 1047 692 homines
1069 652 1390 691 inmansuetius?
1435 652 1533 704 quid
1556 653 1608 691 ad
1631 653 1766 703 ipsum

137 725 216 764 loci
248 725 370 776 situm
404 724 636 764 horridius?
679 724 778 775 quid
811 724 864 762 ad
887 722 987 762 caeli
1010 728 1200 762 naturam
1223 722 1588 774 intemperantius?
1630 721 1767 775 plures

136 801 277 835 tamen
319 794 384 834 hic
426 794 630 846 peregrini
668 807 794 845 quam
828 793 937 832 ciues
969 793 1208 832 consistunt⁴
1273 806 1401 844 usque
1435 806 1484 831 eo
1517 806 1619 844 ergo
1653 805 1766 831 com-

138 867 313 905 mutatio
346 865 434 918 ipsa
465 864 654 904 locorum
689 865 825 915 grauis
858 877 941 903 non
975 869 1049 911 est,
1083 869 1125 902 ut
1157 862 1222 902 hic
1255 877 1421 915 quoque
1454 862 1567 902 locus
1590 877 1614 902 a
1635 863 1768 914 patria

137 937 343 988 quosdam
376 935 610 974 abduxerit.
664 935 827 973 inuenio
860 935 927 986 qui
961 935 1098 974 dicant
1130 934 1262 973 inesse
1294 932 1522 972 naturalem
1556 934 1767 985 quandam

136 1007 413 1046 inritationem
469 1006 614 1045 animis
656 1006 943 1045 commutandi
987 1006 1108 1044 sedes
1152 1010 1192 1043 et
1234 1004 1507 1043 transferendi
1550 1003 1767 1043 domicilia.

138 1077 303 1117 mobilis
337 1078 444 1116 enim
479 1082 520 1116 et
553 1076 733 1128 inquieta
766 1075 921 1115 homini
954 1088 1071 1115 mens
1106 1076 1204 1115 data
1236 1081 1323 1114 est:
1371 1062 1597 1126 numduam
1632 1088 1675 1113 se
1709 1080 1766 1112 te-

137 1155 219 1196 net,
261 1148 468 1201 spargitur
517 1153 558 1186 et
599 1147 873 1197 cogitationes
915 1160 1010 1186 suas
1053 1145 1092 1185 in
1135 1147 1276 1185 omnia
1316 1151 1417 1185 nota
1460 1150 1584 1197 atque
1627 1145 1770 1195 ignota

137 1219 327 1266 dimittit,
379 1231 487 1269 uaga
530 1223 571 1256 et
609 1218 755 1269 quietis
798 1218 1001 1269 inpatiens
1044 1223 1085 1256 et
1128 1218 1313 1256 nouitate
1356 1229 1493 1255 rerum
1536 1215 1769 1254 laetissima.

137 1290 250 1342 quod
282 1302 366 1328 non
400 1288 632 1336 miraberis,
666 1288 696 1327 si
728 1288 906 1341 primam
939 1288 1024 1326 eius
1056 1288 1257 1338 originem
1291 1287 1555 1339 adspexeris:
1592 1299 1675 1324 non
1709 1291 1771 1324 est

137 1374 191 1399 ex
223 1365 390 1399 terreno
425 1365 466 1398 et
498 1360 613 1411 graui
646 1365 841 1398 concreta
874 1372 1060 1412 corpore.
1115 1372 1168 1396 ex
1201 1357 1268 1397 illo
1303 1357 1471 1397 caelesti
1504 1357 1645 1409 spiritu
1678 1355 1768 1394 des-

137 1431 285 1470 cendit.
339 1429 578 1469 caelestium
602 1435 741 1469 autem
765 1435 910 1469 natura
932 1442 1098 1481 semper
1120 1429 1159 1468 in
1192 1434 1310 1467 motu
1343 1433 1416 1475 est,
1450 1427 1552 1480 fugit
1585 1433 1625 1466 et
1657 1426 1768 1466 uelo-

138 1502 302 1541 cissimo
343 1514 463 1540 cursu
496 1501 640 1551 agitur.
695 1501 862 1552 adspice
895 1500 1030 1539 sidera
1063 1500 1265 1538 mundum
1290 1497 1567 1537 inlustrantia:
1614 1497 1769 1536 nullum

138 1585 282 1611 eorum
326 1577 495 1624 perstat.
557 1571 625 1609 sol
662 1570 811 1610 labitur
853 1571 1026 1610 adsidue
1069 1575 1109 1608 et
1152 1569 1291 1609 locum
1337 1583 1390 1608 ex
1423 1568 1517 1608 loco
1551 1574 1685 1607 mutat
1718 1574 1770 1615 et,

136 1642 325 1694 quamuis
380 1655 473 1680 cum
528 1642 720 1681 uniuerso
765 1647 970 1688 uertatur,
1013 1642 1051 1680 in
1095 1641 1346 1679 contrarium
1391 1639 1652 1678 nihilominus
1694 1638 1769 1691 ipsi

137 1713 295 1752 mundo
342 1712 534 1759 refertur,
578 1726 651 1764 per
695 1713 829 1751 omnis
872 1712 1085 1763 signorum
1119 1718 1257 1763 partes
1291 1710 1500 1757 discurrit,
1542 1723 1769 1761 numquam

137 1784 297 1823 resistit.
371 1789 573 1835 perpetua
622 1783 707 1821 eius
751 1782 922 1834 agitatio
966 1787 1007 1821 et
1050 1781 1214 1821 aliunde
1256 1781 1335 1821 alio
1379 1780 1654 1831 conmigratio
1697 1785 1769 1818 est.

138 1855 277 1894 onmia
319 1853 539 1892 uoluuntur
581 1866 747 1905 semper
790 1859 830 1892 et
872 1854 911 1892 in
956 1853 1126 1892 transitu
1166 1858 1269 1891 sunt.
1333 1858 1376 1891 ut
1420 1851 1488 1890 lex
1528 1856 1569 1890 et
1602 1855 1771 1890 naturae

137 1925 360 1964 necessitas
393 1925 608 1972 ordinauit,
642 1924 806 1963 aliunde
839 1923 918 1963 alio
952 1922 1201 1963 deferuntur.
1266 1936 1359 1962 cum
1392 1935 1466 1974 per
1498 1928 1611 1961 certa
1642 1935 1769 1960 anno-

137 2009 227 2034 rum
271 1995 404 2048 spatia
443 1995 567 2034 orbes
606 2009 704 2034 suos
737 1995 1028 2047 explicuerint,
1072 1994 1219 2033 iterum
1254 1993 1370 2032 ibunt
1403 2007 1477 2045 per
1509 2006 1615 2045 quae
1648 2005 1769 2030 uene-

137 2073 253 2106 rant:
301 2068 311 2105 i
345 2079 452 2105 nunc
485 2072 525 2105 et
557 2064 786 2104 humanum
819 2066 1001 2104 animum
1036 2079 1089 2104 ex
1124 2066 1278 2112 isdem,
1322 2064 1470 2117 quibus
1504 2064 1640 2103 diuina
1672 2077 1768 2102 con-

137 2143 259 2184 stant,
291 2136 516 2176 seminibus
546 2137 809 2188 conpositum
841 2135 1016 2174 moleste
1040 2134 1144 2174 ferre
1168 2135 1383 2188 transit-um
1409 2148 1456 2173 ac
1479 2134 1771 2185 migrationem

138 2214 260 2260 puta,
313 2221 407 2246 cum
459 2207 524 2246 dei
566 2213 712 2246 natura
754 2206 927 2245 adsidua
970 2212 1010 2245 ct
1054 2206 1293 2245 citatissima
1335 2205 1664 2244 commutatione
1708 2203 1773 2243 uel

140 2278 319 2318 delectet
353 2292 397 2317 se
430 2277 493 2316 uel
527 2283 756 2317 conseruet.

149 2536 155 2568 l
197 2536 295 2566 transi
306 2510 342 2535 ab
353 2537 413 2566 hiis
450 2536 538 2577 (ras.
571 2535 663 2569 incer
689 2537 784 2567 transi
812 2542 843 2569 el
872 2537 930 2572 iis3
969 2534 1111 2568 uidclm·
1134 2533 1251 2577 fecisse
1277 2535 1319 2565 al>
1347 2535 1404 2571 iis3
1443 2533 1573 2567 deinde
1600 2546 1617 2564 a
1645 2533 1771 2571 deleta,

141 2604 191 2628 esc
208 2595 229 2625 b
244 2593 349 2638 sacta
368 2595 410 2630 h;
440 2596 481 2625 ab
504 2600 632 2639 postea
657 2604 772 2639 snpra
797 2594 969 2638 scriplum
997 2604 1039 2626 ιη.
1069 2596 1154 2629 rec.)
1276 2594 1296 2626 2
1324 2604 1439 2624 amena
1460 2594 1493 2634 (0
1512 2599 1596 2626 (mcc
1612 2604 1629 2624 c
1647 2601 1772 2627 erasa)

267 2653 366 2684 allicit
394 2653 441 2693 (ιή
468 2656 556 2692 ras.)
686 2653 705 2685 -ί
741 2654 900 2685 Cosuram
927 2651 1112 2686 Illurelus:
1143 2653 1290 2683 corsicam
1409 2652 1449 2685 1⁴2
1484 2653 1575 2683 sedes
1602 2650 1629 2694 (s
1657 2650 1772 2684 ultera

140 2737 259 2775 erasa)
374 2735 413 2769 14
432 2722 508 2767 suab
527 2737 554 2778 (s
575 2747 617 2770 m.
631 2737 895 2780 pr.superscr.)
1021 2737 1152 2776 ingnota
1272 2735 1309 2767 lti
1329 2735 1490 2775 aspexeris
1608 2734 1646 2766 19
1667 2734 1774 2774 aspice

283 2795 328 2828 20
362 2796 410 2826 sol
437 2796 554 2826 labitur
581 2793 787 2829 Illiclzaelz's:
818 2793 908 2826 labis
1071 2793 1114 2827 527
1150 2794 1158 2824 i
1185 2804 1270 2825 nunc
1297 2792 1513 2827 deteriores:
1552 2793 1644 2824 Nunc
1679 2796 1775 2833 ((ιηίθ

140 2864 160 2885 n
189 2855 277 2893 ras.)

1791 873 1820 898 10

1794 1227 1822 1251 15

1790 1579 1823 1604 20

1792 1932 1824 1957 ¹25

1791 2286 1824 2311 30
