1977 3231
587 147 692 174 DIAL.
714 146 762 172 lv.
802 146 854 171 DE
875 146 943 172 IRA
965 145 1035 173 Lm.
1059 146 1096 173 11.
1137 147 1179 173 11.
1203 147 1245 172 12.
1680 150 1732 189 65

107 250 235 284 terret
288 250 329 284 et
361 244 572 296 trepidat,
644 257 728 283 non
781 249 843 283 est
895 256 997 296 ergo
1040 257 1167 296 quare
1209 243 1475 296 concupiscat
1517 243 1735 295 quisquam

107 314 270 369 sapiens
299 314 444 362 timeri,
473 327 551 353 nec
572 313 666 353 ideo
689 314 791 353 iram
814 327 1015 366 magnum
1037 314 1238 366 quiddam
1259 320 1388 367 putet,
1411 314 1506 366 quia
1528 312 1735 352 formidini

108 391 192 433 est,
233 385 429 438 quoniam
472 384 640 436 quidem
675 384 799 424 etiam
832 384 1191 436 contemptissima
1222 385 1419 424 timentur
1451 389 1495 423 ut
1527 388 1734 423 uenenato

61 458 80 492 5
110 455 266 496 bestiae
306 454 526 508 pestiferae
568 468 720 494 morsu.
782 467 860 494 nec
890 455 1038 494 mirum
1071 461 1154 502 est,
1187 467 1282 493 cum
1314 449 1529 494 maximos
1556 453 1733 493 ferarum

107 539 257 579 greges
288 525 394 565 linea
425 525 557 578 pinnis
590 525 782 564 distincta
815 525 1024 565 contineat
1057 530 1098 564 et
1130 525 1170 563 in
1201 525 1366 564 insidias
1397 531 1514 577 agat,
1557 524 1610 564 ab
1643 525 1733 577 ipso
1755 539 1769 562 5

107 596 258 636 effectu
292 597 403 636 dicta
424 595 627 635 formido:
645 596 778 648 ,uanis
800 596 909 634 enim
932 608 1039 635 uana
1060 595 1208 634 terrori
1229 601 1335 635 sunt.
1388 595 1573 635 curriculi
1595 600 1734 634 motus

106 674 374 720 rotarumque
415 671 580 705 uersata
620 664 742 705 facies
784 665 926 705 leones
968 665 1118 717 redigit
1160 665 1199 704 in
1241 678 1424 705 caueam.
1488 664 1734 718 elephantos

60 740 79 775 6
105 739 275 792 porcina
316 750 404 777 uox
443 742 582 776 terret.
644 736 702 776 sic
737 737 876 788 itaque
913 737 971 775 ira
1003 736 1217 784 metuitur,
1249 735 1467 788 quomodo
1499 735 1648 774 umbra
1680 733 1734 773 ab

104 808 347 857 infantibus,
389 821 414 847 a
454 806 555 860 feris*
588 806 741 846 rubens
772 807 907 859 pinna.
970 820 1055 846 non
1086 807 1175 859 ipsa
1206 807 1246 846 in
1278 820 1323 845 se
1354 806 1574 858 quicquam
1606 805 1735 844 habet

103 879 269 920 firmum
302 884 373 918 aut
405 877 523 924 forte,
556 879 632 917 sed
664 877 779 917 leues
811 878 972 917 animos
1005 883 1160 916 mouet.
1756 889 1784 913 ιι)

58 953 74 986 ’1
221 949 312 990 ΧΠ.
355 948 570 1001 Nequitia,
603 949 753 1000 inquit,
796 948 849 987 de
880 961 1017 987 rerum
1050 953 1196 987 natura
1227 947 1414 987 tollenda
1445 953 1530 996 est,
1571 947 1605 986 si
1636 946 1735 986 uelis

103 1021 205 1060 iram
244 1019 414 1060 tollere:
470 1025 663 1059 neutrum
696 1024 837 1058 autern
870 1024 1012 1072 potest
1043 1018 1140 1058 fieri.
1202 1019 1382 1070 primum
1414 1023 1557 1070 potest
1591 1017 1735 1069 aliquis

102 1105 187 1131 non
219 1090 378 1143 algere,
422 1090 610 1143 quamuis
643 1103 698 1128 ex
731 1103 867 1129 rerum
900 1095 1046 1128 natura
1077 1089 1211 1128 hiems
1234 1089 1310 1136 sit,
1345 1094 1385 1128 et
1418 1101 1502 1127 non
1534 1093 1735 1135 aestuare,

102 1162 292 1215 quamuis
344 1174 508 1201 menses
561 1161 711 1200 aestiui-
759 1159 850 1199 sint.
922 1165 992 1199 aut
1044 1159 1125 1199 loci
1176 1158 1380 1198 beneficio
1434 1159 1635 1198 aduersus
1675 1158 1732 1196 in-

101 1232 348 1285 temperiem
391 1232 485 1271 anni
523 1237 636 1270 tutus
669 1236 732 1270 est
769 1236 840 1270 aut
871 1230 1070 1283 patientia
1103 1230 1290 1282 corporis
1322 1242 1490 1268 sensum
1523 1229 1734 1280 utriusque
1754 1241 1786 1267 15

55 1311 75 1346 2
101 1303 284 1356 peruicit.
357 1303 509 1341 deinde
552 1307 668 1341 uerte
710 1301 845 1341 istud:
911 1313 1083 1340 necesse
1126 1305 1188 1339 est
1228 1300 1340 1352 prius
1381 1299 1635 1338 iracundiam
1678 1311 1731 1337 ex

100 1373 240 1413 animo
272 1372 396 1412 tollas
427 1385 553 1425 quam
586 1372 781 1412 uirtutem
814 1371 998 1424 recipias,
1031 1371 1229 1424 quoniam
1263 1383 1357 1409 cum
1391 1369 1610 1409 uirtutibus
1636 1369 1733 1408 uitia

99 1457 185 1483 non
217 1449 392 1491 coeunt,
423 1456 500 1482 nec
532 1443 665 1494 magis
697 1443 915 1494 quisquam
948 1442 1102 1481 eodem
1134 1447 1327 1493 tempore
1359 1446 1401 1479 et
1433 1441 1559 1480 iratus
1591 1445 1734 1492 potest

53 1522 72 1557 3
100 1527 192 1554 esse
234 1520 275 1553 et
326 1514 387 1553 uir
437 1513 573 1553 bonus
614 1526 741 1566 quam
783 1525 909 1564 aeger
953 1519 993 1551 et
1036 1525 1170 1551 sanus.
1241 1524 1326 1550 non
1378 1516 1543 1564 potest,
1601 1510 1730 1563 inquit

100 1585 236 1625 omnis
273 1598 328 1624 ex
360 1584 499 1624 animo
531 1584 589 1623 ira
620 1583 732 1623 tolli:
779 1596 856 1622 nec
887 1581 969 1622 hoc
1000 1581 1180 1622 hominis
1211 1586 1358 1622 natura
1388 1581 1552 1634 patitur.
1615 1581 1728 1633 atqui
1749 1591 1783 1616 20

98 1654 197 1694 nihil
239 1662 302 1694 est
343 1661 430 1694 tam
474 1653 638 1694 difficile
680 1659 722 1692 et
752 1654 928 1693 arduum
961 1654 1077 1705 quod
1109 1666 1195 1692 non
1226 1651 1410 1691 humana
1443 1664 1560 1690 mens
1593 1652 1729 1690 uincat

99 1731 140 1766 et
172 1726 210 1765 in
242 1724 559 1766 familiaritatem
591 1725 793 1777 perducat
825 1724 1000 1763 adsidua
1031 1723 1261 1771 meditatio,
1304 1722 1483 1775 nullique
1512 1728 1606 1761 sunt
1637 1727 1724 1761 tam

50 1803 72 1838 4
97 1795 170 1836 feri
211 1801 254 1835 et
294 1796 354 1835 sui
396 1796 490 1834 iuris
522 1794 730 1843 adfectus,
773 1801 818 1834 ut
850 1808 934 1834 non
967 1793 1180 1846 disciplina
1216 1793 1529 1846 perdomentur.
1592 1791 1725 1843 quod-

101 1880 280 1919 cumque
330 1866 407 1905 sibi
460 1866 679 1918 imperauit
730 1865 891 1905 animus
943 1864 1145 1917 optinuit:
1213 1864 1382 1916 quidam
1434 1876 1487 1902 ne
1532 1875 1731 1914 umquam

100 1938 282 1977 riderent
320 1937 529 1976 consecuti
561 1941 667 1976 sunt.
729 1936 824 1976 uino
867 1936 1056 1988 quidam,
1099 1934 1162 1974 alii
1194 1934 1383 1982 Venere,
1416 1933 1586 1986 quidam
1618 1932 1733 1971 omni
1752 1945 1785 1969 25

101 2021 246 2047 umore
278 2007 530 2047 interdixere
563 2006 818 2059 corporibus.
871 2005 970 2046 alius
999 2011 1220 2045 contentus
1242 2004 1357 2044 breui
1379 2017 1530 2043 somno
1553 2002 1732 2055 uigiliam

105 2159 119 2191 l
152 2159 290 2190 deterret
317 2157 408 2198 cod„
435 2157 502 2192 sed
526 2162 621 2190 terret
649 2157 684 2191 in
703 2157 876 2191 senlenlt'cc
899 2155 1067 2202 qcnerah'
1091 2167 1169 2190 cum
1190 2155 1379 2201 plerisque
1405 2155 1733 2198 temciqnamqmcm

104 2215 242 2251 Seneca
269 2217 382 2262 ipsius
401 2216 588 2262 ¹conpositi
611 2216 878 2250 (amanlisse'mus
903 2220 957 2250 est
1053 2222 1082 2247 et
1110 2216 1234 2257 petiam
1261 2224 1447 2259 suprascr.
1476 2225 1519 2247 m.
1546 2223 1617 2247 rec.

101 2276 121 2309 3
148 2280 180 2307 ut
206 2282 364 2307 uenenato
390 2277 514 2308 bestiae
531 2277 702 2318 pestiferae
719 2286 828 2307 morsu
847 2273 990 2319 Haupt:
1019 2279 1051 2305 ut
1077 2285 1202 2306 uenena
1229 2278 1258 2305 et
1285 2285 1357 2305 ossa
1376 2273 1527 2314 pestifera
1553 2271 1732 2303 et'morsus

102 2334 205 2376 (orsus
239 2334 275 2368 in
310 2335 398 2378 ras.)
514 2334 533 2367 ι’]
568 2335 645 2365 linia
674 2336 697 2376 (i
723 2343 819 2368 corr.
846 2333 880 2367 in
907 2331 937 2377 e)
962 2334 1075 2375 pennis
1102 2333 1151 2375 (in
1177 2343 1291 2377 marq.
1319 2343 1362 2366 m.
1391 2333 1411 2364 4
1438 2343 1465 2364 c.
1492 2330 1620 2373 pannis)

63 2405 72 2414 ·
103 2394 122 2426 ὅ
150 2394 262 2424 effectu
289 2391 363 2426 E2:
394 2394 507 2425 affectu
625 2393 639 2426 ἶ
667 2394 785 2434 redigit
810 2390 1026 2426 Pe'nce'amcsz
1056 2392 1180 2433 redegit
1294 2391 1450 2422 elefantos
1571 2393 1590 2421 2¹
1618 2383 1733 2420 rubenS

103 2451 130 2494 (s
155 2461 342 2496 suprascr.
369 2462 414 2484 m.
437 2452 510 2496 pr.)
608 2452 685 2494 pina
710 2450 777 2485 sed
800 2452 881 2493 pifia
908 2461 952 2484 m.
978 2449 1040 2484 alt.
1153 2450 1188 2482 133
1216 2461 1253 2481 ex
1280 2460 1385 2481 rerum
1411 2453 1525 2480 natura
1551 2450 1734 2492 suspectae

107 2510 214 2544 Gertz
239 2520 309 2544 non
335 2511 412 2544 Sine
438 2510 577 2544 ratione
712 2511 840 2552 hiemps
981 2508 1021 2543 it}
1048 2510 1197 2541 uirtutem
1225 2519 1261 2540 ex
1289 2509 1399 2539 animo
1427 2507 1522 2539 tollas·
1547 2517 1644 2548 quam
1672 2507 1733 2536 ira-

102 2570 253 2600 cundiam
280 2568 371 2609 cod.,
407 2568 532 2614 uulyo,
557 2569 592 2602 2'71
619 2568 748 2614 quibus
773 2570 919 2600 uirtutem
953 2572 987 2602 et
1012 2568 1214 2599 iracundiam
1242 2566 1465 2611 transposuit
1493 2564 1610 2605 Gertz,
1644 2564 1732 2604 iure,

101 2627 268 2672 quoniam
297 2627 347 2661 ita
374 2626 513 2661 demum
539 2628 713 2661 sententia
740 2627 842 2661 initio
870 2627 996 2672 capilis
1018 2626 1140 2671 posita
1166 2625 1338 2666 uertitur,
1372 2630 1405 2658 ec
1437 2628 1589 2669 propter
1623 2621 1733 2656 uerba

100 2697 166 2718 non
199 2690 321 2728 potest,
349 2687 460 2728 inquit,
493 2687 600 2718 omnis
625 2697 663 2718 ex
689 2687 800 2717 anim«)
827 2687 873 2716 ira
901 2686 970 2717 tolli
1115 2685 1164 2718 *Δὶ
1194 2685 1240 2714 ira
1267 2684 1335 2715 tolli
1363 2683 1410 2724 (to
1436 2683 1471 2715 ἰη
1498 2684 1586 2723 ras.)

101 2744 144 2778 22
173 2745 300 2776 assidua
326 2744 444 2789 (prior
469 2756 483 2776 s
509 2744 619 2787 corr.)
718 2745 760 2777 ‘235
789 2745 845 2776 seri
867 2752 884 2784 7
903 2745 951 2776 sui
979 2741 1062 2786 (712.
1091 2753 1119 2777 e.
1147 2747 1175 2774 et
1202 2742 1235 2775 in
1264 2741 1354 2783 rus.)
1453 2742 1583 2772 affectus
1611 2739 1731 2785 (prior

102 2803 117 2834 f
139 2803 247 2844 corr.)
360 2803 401 2836 24¹
431 2805 568 2835 obtinuit
596 2803 632 2846 (b
661 2813 710 2836 ea:
735 2814 756 2844 p
782 2803 893 2845 corr.)
1008 2802 1050 2835 '33
1079 2812 1194 2833 uenere
1216 2799 1346 2845 pauci:
1375 2801 1483 2831 ueneri
1581 2800 1669 2830 omni
1695 2808 1729 2828 u-

102 2872 194 2892 more
221 2860 420 2896 deteriores
446 2860 626 2895 nonnulli:
657 2863 724 2893 onii
751 2863 782 2892 in
808 2873 841 2893 re
868 2862 914 2903 (in
941 2872 973 2893 re
999 2870 1093 2894 corr.
1121 2860 1156 2893 e'n
1183 2859 1271 2902 ras.)

1425 2927 1444 2947 ζ)
