1977 3231
64 1084 83 1116 n:

522 131 626 157 DIAL.
641 130 719 159 v111.
758 131 811 156 AD
834 129 1019 156 SERENVM
1041 129 1094 155 DE
1113 128 1219 156 OTIO.
1257 131 1281 156 5.
1303 130 1328 156 6.
1657 131 1736 171 189

115 234 252 268 seruet
295 234 337 268 et
379 240 509 279 usque
551 228 591 266 in
634 226 823 267 ultimum
856 227 1004 266 aetatis
1045 226 1251 265 humanae
1282 226 1504 265 terminum
1536 224 1739 277 procedat

114 312 191 338 nec
222 299 443 351 quicquam
476 297 529 337 illi
561 311 615 337 ex
649 311 711 346 eo,
743 298 859 350 quod
891 303 1041 336 natura
1061 297 1285 344 constituit,
1317 295 1483 336 fortuna
1504 297 1733 336 concutiat:

113 375 254 408 tamen
286 369 416 408 homo
449 369 502 407 ad
536 367 815 408 inmortalium
849 368 1131 419 cognitionem
1163 367 1281 405 nimis
1313 365 1496 406 mortalis
1519 371 1592 405 est.
1635 379 1736 418 ergo

113 440 341 479 secundum
374 445 565 478 naturam
599 440 716 486 uiuo,
755 440 787 478 si
818 444 954 478 totum
990 451 1056 476 me
1088 434 1141 476 issi
1173 437 1281 484 dedi,
1313 437 1346 475 si
1377 436 1478 476 illius
1510 437 1738 476 admirator

113 509 329 562 cultorque
360 523 464 549 sum.
506 515 653 549 natura
685 515 824 549 autem
857 514 1079 561 utrumque
1110 507 1246 547 facere
1278 521 1345 546 me
1377 506 1517 556 uoluit,
1550 513 1590 547 et
1613 520 1737 559 agere

112 586 153 620 et
195 579 539 633 contemplationi
581 594 740 620 uacare.
802 585 1024 631 utrumque
1066 578 1192 626 facio,
1235 580 1432 631 quoniam
1465 591 1516 617 ne
1549 584 1735 618 contem-

111 649 242 702 platio
274 651 444 703 quidem
476 653 563 690 sine
595 652 759 691 actione
791 656 864 690 est.
1164 656 1172 661 '

230 721 300 761 VI.
365 720 450 761 Sed
483 721 627 769 refert,
677 722 829 773 inquis,
876 734 927 760 an
959 720 1013 760 ad
1046 718 1155 759 illam
1187 718 1413 773 uoluptatis
1445 732 1568 758 causa
1600 732 1735 758 acces-

111 792 208 831 serit
251 791 348 831 nihil
391 791 499 831 aliud
544 806 597 831 ex
642 791 708 830 illa
739 797 886 844 petens
929 804 1055 842 quam
1088 790 1306 829 adsiduam
1340 788 1736 842 contemplationem

110 863 197 901 sine
240 864 364 902 exitu.
428 868 490 902 est
533 864 642 902 enim
688 862 817 902 dulcis
857 868 898 901 et
929 861 1057 901 habet
1088 860 1317 900 inlecebras
1359 873 1464 900 suas.
1538 861 1737 900 aduersus

109 931 192 972 hoc
226 933 299 972 tibi
331 934 592 985 respondeo:
630 946 763 985 aeque
795 929 940 980 refert,
984 945 1068 984 quo
1100 933 1240 971 animo
1273 930 1432 970 ciuilem
1465 944 1566 983 agas
1598 931 1737 979 uitam,

109 1016 159 1042 an
202 1017 369 1057 semper
410 1004 613 1055 inquietus
655 1004 708 1043 sis
750 1016 826 1042 nec
859 1016 1058 1054 umquam
1089 1015 1229 1041 sumas
1264 1001 1390 1041 ullum
1423 1008 1610 1054 tempus,
1653 1015 1736 1054 quo

110 1074 164 1113 ab
205 1074 396 1114 humanis
435 1074 488 1113 ad
522 1074 659 1113 diuina
691 1074 895 1126 respicias,
957 1073 1175 1126 quomodo
1208 1086 1273 1112 res
1305 1061 1504 1125 adpetere
1536 1073 1622 1111 sine
1653 1072 1736 1111 ullo

110 1145 305 1185 uirtutum
338 1156 482 1184 amore
515 1150 555 1183 et
587 1146 673 1183 sine
706 1144 816 1184 cultu
849 1144 985 1196 ingeni
1018 1157 1066 1183 ac
1096 1144 1228 1183 nudas
1251 1144 1375 1183 edere
1398 1157 1546 1196 operas
1569 1143 1737 1182 minime

108 1215 327 1268 probabile
369 1221 452 1263 est,
495 1215 655 1255 misceri
698 1215 805 1254 enim
849 1216 927 1254 ista
967 1215 1072 1254 inter
1113 1228 1158 1254 se
1201 1220 1242 1254 et
1276 1214 1433 1254 conseri
1467 1213 1643 1253 debent:
1680 1214 1738 1253 sic

109 1286 379 1339 inperfectum
423 1300 472 1325 ac
512 1285 754 1338 languidum
786 1285 947 1325 bonum
981 1291 1043 1325 est
1075 1285 1113 1324 in
1146 1285 1277 1324 otium
1310 1285 1397 1324 sine
1427 1290 1521 1324 actu
1553 1285 1737 1337 proiecta

109 1357 257 1406 uirtus,
299 1370 527 1409 numquam
570 1357 633 1405 id,
677 1357 792 1409 quod
825 1356 985 1404 didicit,
1024 1357 1261 1396 ostendens.
1326 1357 1415 1408 quis
1457 1361 1584 1407 negat
1625 1354 1735 1394 illam

109 1428 263 1468 debere
295 1427 505 1481 profectus
538 1441 635 1467 suos
666 1428 706 1466 in
738 1440 866 1479 opere
897 1429 1131 1479 temptare?
1165 1440 1241 1466 nec
1271 1432 1434 1466 tantum
1465 1426 1564 1478 quid
1586 1425 1734 1465 facien-

110 1500 210 1538 dum
252 1499 324 1547 sit,
367 1499 572 1551 cogitare,
616 1499 690 1538 sed
733 1499 858 1537 etiam
901 1497 1123 1550 aliquando
1170 1511 1338 1536 manum
1372 1510 1570 1536 exercere
1602 1503 1643 1536 et
1675 1510 1733 1544 ea,

89 1577 214 1622 ‘quae
257 1570 456 1609 meditata
499 1575 614 1617 sunt,
657 1568 709 1607 ad
742 1582 884 1608 uerum
917 1569 1173 1621 perducere?
1218 1567 1366 1620 quodsi
1398 1581 1473 1620 per
1503 1568 1637 1620 ipsum
1669 1581 1732 1606 sa-

108 1641 291 1693 pientem
334 1654 417 1680 non
462 1646 524 1680 est
566 1653 707 1687 mora,
748 1640 781 1678 si
813 1653 896 1678 non
929 1645 1046 1678 actor
1077 1639 1215 1687 deest,
1254 1640 1329 1678 sed
1362 1638 1527 1690 agenda
1558 1639 1728 1677 desunt:

110 1712 257 1763 ecquid
299 1711 352 1751 illi
394 1724 535 1750 secum
578 1725 668 1750 esse
709 1711 952 1763 permittes?
995 1724 1079 1762 quo
1121 1710 1259 1749 animo
1302 1710 1355 1749 ad
1399 1709 1528 1748 otium
1571 1709 1734 1760 sapiens

109 1783 294 1822 secedit?
336 1789 379 1821 ut
421 1782 522 1821 sciat
564 1795 609 1821 se
650 1788 739 1821 tum
782 1794 951 1833 quoque
984 1794 1032 1820 ea
1064 1786 1273 1828 acturum,
1315 1793 1388 1832 per
1419 1793 1527 1831 quae
1557 1780 1734 1832 posteris

109 1854 250 1906 prosit.
313 1867 390 1893 nos
429 1859 542 1892 certe
574 1866 717 1891 sumus
749 1853 817 1904 qui
850 1852 1022 1891 dicimus
1056 1857 1097 1890 et
1129 1851 1344 1890 Zenonem
1377 1857 1418 1890 et
1452 1849 1733 1902 Chrysippum

111 1924 270 1963 maiora
312 1924 466 1976 egisse,
510 1937 636 1976 quam
679 1923 711 1962 si
753 1923 971 1962 duxissent
1013 1922 1240 1970 exercitus,
1284 1922 1508 1974 gessissent
1540 1921 1734 1969 honores,
1754 1936 1768 1957 ·.

109 1994 225 2047 leges
270 1994 477 2034 tulissent:
523 2008 625 2047 quas
668 2008 752 2034 non
793 1994 861 2033 uni
903 1994 1075 2041 ciuitati,
1128 1994 1203 2032 sed
1246 1993 1325 2032 toti
1366 1992 1550 2032 humano
1593 1992 1734 2044 generi

109 2065 300 2105 tulerunt.
344 2066 443 2118 quid
475 2071 538 2105 est
571 2079 684 2118 ergo,
717 2078 843 2117 quare
875 2064 957 2105 tale
989 2065 1120 2103 otium
1145 2077 1230 2111 non
1253 2064 1474 2103 conueniat
1497 2064 1583 2102 uiro
1606 2062 1733 2111 bono,

109 2150 183 2190 per
215 2137 330 2188 quod
363 2135 499 2175 futura
530 2135 695 2175 saecula
727 2136 891 2175 ordinet
924 2148 1001 2174 nec
1032 2135 1144 2186 apud
1176 2147 1332 2186 paucos
1355 2134 1627 2181 contionetur‚
1658 2133 1733 2172 sed

109 2208 222 2259 apud
255 2220 402 2246 omnes
422 2207 621 2263 ‘omnium
654 2208 841 2259 gentium
874 2206 1076 2253 homines,
1108 2206 1260 2258 quique
1291 2211 1386 2244 sunt
1413 2205 1565 2257 quique
1587 2205 1731 2243 erunt?

66 2286 77 2300 Γ
111 2279 166 2317 ad
208 2291 417 2318 summam
460 2291 636 2330 quaerO,
679 2291 731 2317 an
763 2292 818 2317 ex
850 2277 1082 2330 praeceptis
1114 2276 1195 2315 suis
1228 2277 1406 2316 uixerint
1438 2275 1660 2315 Cleanthes
1692 2280 1733 2313 et

115 2500 125 2533 l
167 2505 197 2532 et
224 2511 321 2541 usque
347 2499 420 2534 E¹:
450 2502 550 2542 eiusq3
697 2500 866 2531 terminum
895 2498 982 2532 dea:
1013 2500 1158 2530 terminet
1303 2498 1322 2531 3
1359 2499 1590 2529 immortalium

113 2560 132 2591 9
166 2560 253 2590 aliud
286 2560 320 2601 (d
347 2560 455 2601 corr.)
582 2559 620 2592 12
653 2570 711 2590 nec
739 2569 877 2600 unquam
898 2556 1001 2591 dest:
1030 2568 1089 2589 nec
1108 2558 1140 2588 ιιῖ
1158 2569 1236 2599 quas
1353 2556 1392 2590 13
1412 2558 1538 2588 diuinas
1557 2556 1584 2601 (s
1603 2554 1733 2595 (lolem)

238 2617 273 2650 14
299 2619 401 2649 nudas
427 2619 522 2650 edere
548 2629 664 2660 operas
683 2616 792 2660 (dulce
810 2630 823 2647 s
840 2617 874 2650 in
896 2620 984 2656 ras.)
1099 2616 1134 2649 1ss
1162 2617 1385 2658 imperfectum
1413 2615 1516 2651 deth:
1547 2617 1625 2647 inter
1651 2616 1735 2648 secta

238 2676 273 2709 17
309 2677 396 2708 illam
432 2678 550 2709 debere
584 2676 712 2721 uulyo:
753 2677 808 2708 illa
840 2677 958 2707 debere
992 2676 1048 2707 ἰΙΙεῑ
1186 2674 1229 2708 20
1262 2676 1377 2716 quodsi
1403 2674 1564 2719 Lepsiusz
1601 2675 1676 2716 quid
1708 2676 1732 2705 si

231 2734 274 2768 *27
309 2737 377 2767 uiro
404 2737 492 2767 bono
519 2734 609 2775 cod.‚
644 2737 733 2767 bono
759 2736 828 2766 uiro
855 2733 964 2779 mtlyo
1107 2736 1151 2767 ’,Ν
1187 2734 1290 2765 futura
1316 2734 1443 2765 saecula
1469 2732 1597 2778 uulsso:
1634 2733 1732 2773 future

110 2794 198 2826 secla
319 2799 394 2836 aput
514 2796 714 2828 contionetur
739 2804 825 2827 raro
844 2791 1011 2837 eccemplo
1124 2793 1167 2825 22³
1195 2797 1269 2834 aput
1383 2794 1531 2824 homines
1551 2792 1599 2835 (in
1620 2802 1732 2835 ηιαιῃ.

111 2863 155 2888 m.
181 2855 199 2885 2
226 2864 281 2894 qq,
308 2851 390 2896 sunt)
408 2865 415 2870 “

1762 869 1790 895 [0

1760 1223 1790 1248 15

1753 1577 1786 1602 ’20

1753 2286 1786 2310 30
